2516 4231
1123 185 1612 250 ...ι-ψ

612 383 795 444 rebus
844 379 1250 444 incidentibus
1300 390 1623 459 cooperta,
1641 379 2119 441 ”malianum-is
2149 380 2300 439 sub-

614 486 899 546 trabitur.
1016 486 1139 546 Sed
1197 506 1384 565 quum
1445 487 1678 545 iterum.
1715 483 2049 545 inundatur
2104 485 2303 560 palus,

617 609 882 668 gemma,
937 591 1054 649 nisi
1088 590 1261 667 ¹forte
1310 588 1489 649 nimis
1537 588 1616 646 sit
1660 586 1871 647 alienis
1934 587 2302 664 corporibus

606 696 871 773 ,obruta,
914 695 1049 773 ipso
1085 704 1408 773 auctumno
1439 691 1507 750 in
1533 711 1699 770 aquae
1735 689 2120 771 superficiem
2167 690 2303 777 fer-

616 807 722 858 tur
749 845 764 874 ,
804 798 1010 876 ibique
1044 809 1253 858 natans
1284 817 1440 874 saepe
1471 796 1694 854 iterum
1719 794 1874 875 folia
1904 795 2112 870 mittit,
2147 815 2304 873 pro-

620 913 900 981 creatque
953 905 1152 962 denuo
1198 922 1489 983 gemmam
1536 899 1950 975 terminalem,
2014 919 2144 977 quae
2183 919 2303 981 quo

622 1008 815 1087 serius
864 1006 1164 1083 nascitur,
1231 1027 1305 1067 eo
1348 1003 1543 1084 major
1580 1003 1650 1060 fit
1700 986 2082 1080 plerumque.
2159 984 2301 1077 ¹Ea,

620 1121 939 1191 postquam
988 1108 1402 1189 magnitudine
1459 1126 1708 1185 parvam
1762 1126 1977 1165 nucem
2025 1108 2306 1186 aequavit,

618 1209 801 1303 plane
842 1214 1211 1296 disjungitur
1244 1235 1293 1301 ΦειἼ
1340 1212 1551 1291 planta
1581 1194 1883 1287 materna,
1925 1233 2055 1290 quae
2087 1213 2306 1272 deinde
2398 1223 2404 1229 ’

617 1312 947 1393 putredine
1001 1318 1279 1377 solvitur.
1373 1319 1549 1375 Hanc
1598 1317 1822 1393 plantae
1867 1327 2156 1385 naturam,
2190 1336 2304 1392 per

625 1422 771 1478 duas
816 1418 1046 1478 hiemes
1092 1419 1445 1493 observavi,
1505 1438 1865 1496 semperque
1912 1440 2079 1496 aquae
2107 1419 2304 1478 libere

624 1525 997 1582 innatantem
1048 1521 1275 1601 reperi.
1384 1524 1504 1584 Sed
1545 1542 1730 1599 quum
1766 1541 1931 1598 aquae
1957 1522 2306 1600 superficies

622 1627 764 1704 gelu
814 1627 1177 1700 concrescit,
1280 1627 1568 1684 deorsum
1617 1627 1684 1684 in
1738 1625 1997 1684 fundum
2019 1628 2024 1633 ’
2049 1625 2300 1685 labitur.

624 1730 855 1789 Martio
891 1718 1177 1789 autem'et
1194 1729 1401 1807 Aprili
1425 1728 1727 1788 mensibus
1746 1731 1813 1786 in
1843 1746 2009 1804 aquae
2043 1729 2308 1806 superfi-

630 1835 783 1892 ciem
813 1835 968 1893 elata
994 1842 1186 1892 totam
1216 1834 1662 1910 longitudinem
1683 1853 1847 1892 suam
1867 1835 2147 1911 explicat,
2183 1854 2306 1911 quo

627 1937 791 2012 facto
828 1937 1124 2013 paulatim
1154 1947 1215 1995 et
1245 1936 1402 1993 folia
1446 1946 1777 1997 nascuntur
1807 1946 1868 1995 et
1904 1937 2125 2013 singuli
2152 1938 2310 1995 rami

636 2040 1043 2119 dependentes
1088 2020 1372 2118 ampullis
1418 2037 1603 2097 obsiti
1646 2040 2097 2119 spiraliter-que·
2122 2042 2309 2099 invo-

626 2144 767 2202 luti.
859 2144 964 2202 ·Et
988 2142 1056 2202 hi
1085 2145 1331 2222 quidem
1361 2145 1550 2219 rami,
1586 2138 1720 2222 'qui
1748 2149 1880 2204 sine
1910 2144 2099 2203 dubio
2134 2145 2309 2202 radi-

629 2268 766 2306 cum
830 2246 967 2305 loco
1027 2256 1199 2322 sunt,
1284 2267 1641 2326 quamquam
1693 2249 1978 2308 deorsum
2023 2248 2308 2323 pendent,

626 2352 860 2409 nullam
907 2359 1112 2408 tamen
1159 2343 1297 2410 cum
1347 2352 1540 2410 fundo
1584 2352 1857 2429 paludis,
1938 2353 2004 2410 in
2053 2371 2170 2428 qua
2220 2360 2309 2408 est

627 2457 869 2533 planta,
907 2454 1400 2514 communitatem
1423 2454 1678 2530 habent3
1724 2456 1829 2531 ita,
1875 2466 1946 2515 ut
1962 2455 2086 2514 haec
2103 2455 2311 2532 planta

626 2578 755 2618 non
778 2557 978 2616 minus
1011 2577 1190 2635 quam
1220 2562 1473 2618 Lemnoe
1496 2558 1725 2635 species
1743 2562 2031 2619 Salvinia
2061 2573 2308 2627 natans,

629 2664 858 2720 Riccia
887 2674 1149 2731 natans,
1189 2663 1954 2728 Aldrovanda,vesioalosa
1973 2662 2308 2722 existimari

629 2765 821 2841 possit
862 2785 989 2823 esse
1032 2784 1180 2825 vere
1220 2766 1416 2824 libera
1486 2768 1616 2827 sive
1685 2782 1929 2827 natans.
2052 2769 2308 2826 Ineunte

630 2887 836 2927 mense
863 2867 1045 2926 Iunio
1065 2912 1083 2943 ,
1118 2879 1438 2947 postquam
1471 2873 1549 2931 ad
1574 2872 2047 2950 magnitudinem
2076 2870 2117 2934 6
2140 2880 2242 2929 aut
2268 2871 2310 2932 8

629 2970 923 3051 pollicum
968 2974 1282 3049 pervenit,
1346 2993 1604 3051 gemmas
1633 2976 1793 3053 agit,
1836 2994 1958 3052 *quo
1984 2973 2144 3033 iacto
2176 2976 2311 3032 sin-

632 3075 858 3154 gularis
886 3097 1018 3145 suae⁴
1037 3079 1447 3152 generationis
1481 3082 1694 3139 orbem
1719 3079 1964 3156 repetit.
2025 3121 2032 3128 ,

646 3202 658 3234 ι
776 3181 1162 3238 Utricularia
1183 3183 1469 3259 vulgaris
1502 3195 1564 3243 et
1590 3188 1790 3243 minor
1821 3184 2066 3242 omnino
2100 3181 2314 3241 eodem
2354 3263 2358 3268 ἱ

628 3283 813 3347 modo
845 3293 1296 3362 propagantur,
1343 3286 1463 3350 nisi
1494 3290 1662 3365 quod
1695 3288 1762 3346 in
1805 3290 1876 3345 U.
1912 3290 2164 3364 vulgari
2181 3306 2315 3343 ma-

627 3385 791 3465 jores
823 3396 967 3446 sunt
1002 3406 1279 3463 gemmae,
1337 3389 1404 3448 in
1444 3393 1515 3450 U.
1550 3396 1781 3450 minore
1817 3391 2012 3450 multo
2048 3392 2314 3449 minores

633 3509 812 3567 quam
840 3491 908 3548 in
949 3493 1023 3548 U.
1054 3493 1416 3551 intermedia
1432 3516 1458 3566 ;
1498 3504 1559 3553 et
1576 3495 1978 3571 reperiuntur
2007 3496 2318 3554 interdum

632 3613 878 3668 gemmae
918 3596 991 3653 U.
1019 3595 1333 3671 vulgaris,
1389 3616 1524 3674 quae
1562 3599 1794 3658 diutius
1835 3598 2178 3657 adhaereant
2203 3619 2322 3658 ru-

634 3695 905 3754 dimento
932 3697 1152 3773 plantae
1185 3707 1471 3761 maternae
1483 3722 1501 3773 ;
1553 3722 1752 3779 neque
1780 3702 2008 3762 habent
2058 3707 2129 3761 U.
2177 3706 2323 3761 vul-

625 3801 814 3875 garis
845 3809 905 3859 et
937 3802 1134 3858 minor
1176 3821 1376 3862 ramos
1395 3845 1396 3848 η
1417 3805 1876 3883 αωΡαΠὶΐει-οε,
1920 3807 2014 3867 ἐῶ
2060 3805 2323 3884 reliquis
