2516 4231
1112 190 1546 254 ..32-

554 424 564 435 ·
619 395 743 454 est,
776 383 947 451 hanc.
968 400 1005 442 a
1038 380 1281 443 Linneo
1322 381 1570 442 nomine
1599 386 1682 442 D.
1721 385 2072 465 long-isolc'oe
2104 388 2298 448 iutel-

617 490 837 548 lectam
863 509 1010 563 esse,
1042 508 1220 565 quam
1238 487 1402 543 illam
1429 489 1871 548 intermediam.
1969 492 2085 566 Sic,
2134 512 2295 570 quo-

616 593 732 653 ties
750 593 1065 651 Linneana
1093 590 1373 652 collectio
1407 611 1442 648 a
1471 591 1827 669 synonymis
1853 595 2078 671 plantis
2094 586 2298 656 Florae

621 696 884 757 Suecicae
913 698 1234 775 discrepat,
1280 704 1353 754 ut
1379 694 1448 753 fit
1485 716 1535 753 e.
1567 715 1617 751 c.
1655 695 1722 753 in
1743 699 2087 776 Erioplzoro
2107 702 2297 778 Ροζγ-

618 801 868 877 staelzyo
886 844 923 883 ,ᾗ
969 804 1166 861 Holco
1203 803 1488 868 odorato,
1545 804 1742 857 Iunco
1792 806 2119 861 articulato
2160 812 2298 878 c‘et„

618 906 837 966 melius
871 905 990 964 erit
1017 896 1395 983 pleruinque,
1430 901 1669 962 infinita
1700 904 1809 962 illa
1842 906 1920 965 de
1947 907 2297 975 nominibus

620 1010 953 1069 Linneanis
986 998 1407 1068 controversia
1435 1004 1667 1083 abjecta
1688 1052 1705 1081 ‚
1770 1028 1841 1067 ea
1886 1011 2136 1069 nomina
2175 1011 2299 1069 im-

619 1133 855 1191 ponere
889 1114 1112 1191 plantis
1134 1158 1151 1187 ,
1215 1133 1346 1189 quae
1378 1120 1438 1170 et
1474 1110 1768 1171 sufficiant
1806 1112 2300 1193 addistinguen-

620 1218 767 1277 dum
803 1227 866 1276 et
900 1238 1141 1278 errores
1183 1216 1542 1275 excludant:

746 1324 838 1380 Ac
863 1322 1240 1381 Decandolle
1288 1320 1534 1397 quidem
1583 1318 1716 1396 ipso
1768 1318 1885 1379 hoc
1916 1318 2197 1382 instituto
2230 1323 2300 1385 in

617 1421 732 1482 'hac
769 1424 977 1501 planta
1009 1448 1150 1503 usus
1173 1401 1315 1483 ⁸eam
1344 1423 1636 1499 speciem,
1686 1443 1818 1501 quae
1846 1425 1921 1483 ab
1956 1426 2169 1501 Anglis
2196 1427 2296 1484 di-

619 1528 780 1586 citur
830 1549 959 1588 esse
989 1530 1308 1591 Linneana
1339 1529 1423 1587 D.
1457 1528 1795 1610 lonngolia
1808 1571 1830 1598 ‚
1891 1528 2090 1587 veteri
2116 1530 2299 1607 Hay-

570 1687 577 1694 .
620 1634 805 1692 niano
836 1612 1081 1693 nornine
1111 1638 1195 1693 D.
1228 1632 1653 1691 intermediam
1676 1633 1954 1709 appellat
1970 1652 1986 1705 ;
2027 1653 2158 1709 quae
2184 1655 2299 1694 au-

453 1778 457 1787 «
523 1794 527 1799 .
620 1746 749 1795 tem
790 1738 974 1816 duplo
1024 1728 1407 1814 longioribus
1456 1745 1548 1793 est
1595 1735 1799 1812 foliis,
1858 1716 2110 1813 totaque
2144 1734 2306 1794 θ”νὲ-Ἰ

618 1836 730 1900 0ἱὲ
756 1842 1109 1920 lonngolioe
1136 1841 1384 1899 nomine
1434 1839 1667 1915 fertur,
1730 1843 1786 1901 ei
1834 1840 2301 1903 Hudsonianum

623 1965 847 2003 nomen
878 1949 962 2004 D.
1000 1947 1255 2023 anglica
1287 1943 1611 2020 adjudicat.

748 2049 978 2107 Eadem
1006 2047 1135 2107 haec
1164 2048 1407 2125 species,
1452 2066 1628 2124 quam
1664 2048 1947 2123 proximo
1975 2048 2113 2106 loco
2150 2030 2299 2124 dixi,

620 2154 805 2228 etiarn
854 2175 891 2211 a
919 2154 1201 2220 Webero
1246 2155 1333 2211 D.
1370 2151 1721 2228 longifolioe
1749 2163 2020 2212 vocatur.
2114 2154 2302 2211 Cete-

625 2277 766 2316 rum
795 2261 878 2317 D.
918 2259 1283 2315 intermedia
1308 2276 1423 2334 per
1456 2258 1730 2315 Ducatus
1760 2267 1886 2316 tres
1916 2257 2303 2333 frequentior

620 2370 732 2432 est,
752 2379 929 2438 quam
950 2363 1206 2438 anglica
1219 2381 1235 2433 3
1271 2369 1332 2419 et
1360 2362 1605 2436 quidem
1623 2361 1687 2418 in
1708 2360 1948 2420 ericctis
1970 2357 2297 2440 paludosis.

1074 2670 1385 2756 Classis
1425 2670 1582 2754 VI.

820 2831 898 2901 H
945 2832 1007 2900 E
1059 2831 1133 2899 X
1183 2828 1247 2898 A
1298 2831 1366 2898 N
1417 2831 1486 2899 D
1539 2831 1612 2899 R
1662 2832 1696 2899 I
1744 2825 1827 2899 A.

1009 2963 1657 3073 Monogynia.

361 3137 504 3218 153.
565 3131 1014 3204 Galanthus
1063 3131 1347 3204 nivalis
1388 3128 1503 3199 L*.

363 3243 508 3327 154.
563 3256 972 3345 Leucojum
1015 3277 1329 3323 vernum
1368 3251 1482 3320 L*.

361 3388 503 3451 155.
554 3376 965 3467 Leuco‘jum
997 3374 1342 3443 aestivam
1372 3372 1487 3441 L*.

749 3495 919 3551 Flor.
958 3495 1118 3551 Dan.
1152 3493 1278 3551 tab.
1317 3490 1495 3556 1265.

749 3598 1022 3656 Maxima
1054 3593 1186 3674 ejus
1219 3596 1395 3671 copia
1429 3595 1660 3653 circum
1702 3595 1959 3672 primam
1989 3596 2308 3655 tabernam

622 3698 941 3779 piscariam
978 3701 1054 3757 ad
1086 3699 1344 3757 fluvium
1378 3699 1710 3764 VVacknitz
1754 3719 1949 3777 prope
1979 3700 2305 3759 Lubet-am.

366 3815 506 3879 156.
559 3807 982 3877 Narcissus
1027 3804 1724 3883 Pseudonarcissus
1770 3804 1887 3877 L*-
