<?xml version="1.0" encoding="UTF-8"?>
<!DOCTYPE html PUBLIC "-//W3C//DTD XHTML 1.0 Transitional//EN"
    "http://www.w3.org/TR/xhtml1/DTD/xhtml1-transitional.dtd">
<html xmlns="http://www.w3.org/1999/xhtml" xml:lang="en" lang="en">
 <head>
  <title>
</title>
<meta http-equiv="Content-Type" content="text/html;charset=utf-8" />
  <meta name='ocr-system' content='tesseract 3.04.00' />
  <meta name='ocr-capabilities' content='ocr_page ocr_carea ocr_par ocr_line ocrx_word'/>
</head>
<body>
  <div class='ocr_page' id='page_1' title='image "./novitiaefloraeh00noltgoog_0064.png"; bbox 0 0 2516 4231; ppageno 0'>
   <div class='ocr_carea' id='block_1_1' title="bbox 1050 164 1588 239">
    <p class='ocr_par' dir='ltr' id='par_1_1' title="bbox 1050 164 1588 239">
     <span class='ocr_line' id='line_1_1' title="bbox 1050 164 1588 239; baseline -0.002 -18"><span class='ocrx_word' id='word_1_1' title='bbox 1050 164 1588 239; x_wconf 56' lang='lat'><strong><em>-35-4‘</em></strong></span> 
     </span>
    </p>
   </div>
   <div class='ocr_carea' id='block_1_2' title="bbox 462 366 2353 2933">
    <p class='ocr_par' dir='ltr' id='par_1_2' title="bbox 462 366 2353 2933">
     <span class='ocr_line' id='line_1_2' title="bbox 559 366 2353 454; baseline -0.002 -22"><span class='ocrx_word' id='word_1_2' title='bbox 559 375 721 432; x_wconf 84' lang='lat' dir='ltr'><strong>inter</strong></span> <span class='ocrx_word' id='word_1_3' title='bbox 753 371 827 429; x_wconf 92' lang='grc' dir='ltr'><strong>Ο.</strong></span> <span class='ocrx_word' id='word_1_4' title='bbox 862 371 1086 430; x_wconf 81' lang='lat' dir='ltr'><strong>luteum</strong></span> <span class='ocrx_word' id='word_1_5' title='bbox 1126 377 1188 429; x_wconf 87' lang='lat' dir='ltr'><strong>et</strong></span> <span class='ocrx_word' id='word_1_6' title='bbox 1205 383 1517 448; x_wconf 79' lang='lat' dir='ltr'><strong>pratense,</strong></span> <span class='ocrx_word' id='word_1_7' title='bbox 1551 366 1808 447; x_wconf 79' lang='lat' dir='ltr'>perinde</span> <span class='ocrx_word' id='word_1_8' title='bbox 1854 388 1921 428; x_wconf 88' lang='lat' dir='ltr'><strong>ac</strong></span> <span class='ocrx_word' id='word_1_9' title='bbox 1948 369 2001 429; x_wconf 90' lang='lat' dir='ltr'><strong>si</strong></span> <span class='ocrx_word' id='word_1_10' title='bbox 2062 379 2260 430; x_wconf 86' lang='lat' dir='ltr'><strong>essent</strong></span> <span class='ocrx_word' id='word_1_11' title='bbox 2348 450 2353 454; x_wconf 20' lang='grc' dir='ltr'>ι</span> 
     </span>
     <span class='ocr_line' id='line_1_3' title="bbox 542 472 2259 553; baseline 0.001 -20"><span class='ocrx_word' id='word_1_12' title='bbox 542 475 795 553; x_wconf 78' lang='lat' dir='ltr'><strong>‘species</strong></span> <span class='ocrx_word' id='word_1_13' title='bbox 812 517 834 546; x_wconf 85' lang='lat'><em>,</em></span> <span class='ocrx_word' id='word_1_14' title='bbox 854 521 859 527; x_wconf 91' lang='lat'><em>.</em></span> <span class='ocrx_word' id='word_1_15' title='bbox 879 474 1073 533; x_wconf 78' lang='lat' dir='ltr'><strong>donec</strong></span> <span class='ocrx_word' id='word_1_16' title='bbox 1101 473 1345 533; x_wconf 81' lang='lat' dir='ltr'><strong>tandem</strong></span> <span class='ocrx_word' id='word_1_17' title='bbox 1386 472 1759 532; x_wconf 83' lang='lat' dir='ltr'><strong>contrarium</strong></span> <span class='ocrx_word' id='word_1_18' title='bbox 1792 473 1910 531; x_wconf 83' lang='lat' dir='ltr'><strong>sibi</strong></span> <span class='ocrx_word' id='word_1_19' title='bbox 1930 493 2259 551; x_wconf 79' lang='lat' dir='ltr'><strong>persuase-</strong></span> 
     </span>
     <span class='ocr_line' id='line_1_4' title="bbox 565 577 2256 653; baseline 0.001 -17"><span class='ocrx_word' id='word_1_20' title='bbox 565 587 728 637; x_wconf 87' lang='lat' dir='ltr'><strong>runt.</strong></span> <span class='ocrx_word' id='word_1_21' title='bbox 824 580 896 635; x_wconf 90' lang='lat' dir='ltr'><strong>O.</strong></span> <span class='ocrx_word' id='word_1_22' title='bbox 930 597 1181 637; x_wconf 76' lang='lat' dir='ltr'><strong>arvense</strong></span> <span class='ocrx_word' id='word_1_23' title='bbox 1197 586 1400 636; x_wconf 78' lang='lat' dir='ltr'><strong>autem</strong></span> <span class='ocrx_word' id='word_1_24' title='bbox 1432 577 1727 653; x_wconf 84' lang='lat' dir='ltr'><strong>putabant</strong></span> <span class='ocrx_word' id='word_1_25' title='bbox 1759 596 1883 636; x_wconf 87' lang='lat' dir='ltr'><strong>esse</strong></span> <span class='ocrx_word' id='word_1_26' title='bbox 1914 577 2140 638; x_wconf 88' lang='lat' dir='ltr'><strong>Linnei</strong></span> <span class='ocrx_word' id='word_1_27' title='bbox 2175 581 2256 638; x_wconf 90' lang='grc' dir='ltr'><strong>Ο.</strong></span> 
     </span>
     <span class='ocr_line' id='line_1_5' title="bbox 565 672 2260 758; baseline -0.001 -18"><span class='ocrx_word' id='word_1_28' title='bbox 565 685 906 750; x_wconf 78' lang='lat' dir='ltr'><strong>minimum,</strong></span> <span class='ocrx_word' id='word_1_29' title='bbox 937 699 1196 758; x_wconf 88' lang='lat' dir='ltr'><strong>quocum</strong></span> <span class='ocrx_word' id='word_1_30' title='bbox 1227 681 1318 739; x_wconf 84' lang='lat' dir='ltr'><strong>nil</strong></span> <span class='ocrx_word' id='word_1_31' title='bbox 1352 700 1665 740; x_wconf 88' lang='lat' dir='ltr'><strong>commune</strong></span> <span class='ocrx_word' id='word_1_32' title='bbox 1677 680 1921 756; x_wconf 84' lang='lat' dir='ltr'><strong>habere,</strong></span> <span class='ocrx_word' id='word_1_33' title='bbox 1943 672 2136 758; x_wconf 46' lang='lat' dir='ltr'><strong>&#39;quum</strong></span> <span class='ocrx_word' id='word_1_34' title='bbox 2156 702 2260 740; x_wconf 90' lang='lat' dir='ltr'><strong>es-</strong></span> 
     </span>
     <span class='ocr_line' id='line_1_6' title="bbox 572 782 2281 861; baseline 0.001 -17"><span class='ocrx_word' id='word_1_35' title='bbox 572 795 664 844; x_wconf 88' lang='lat' dir='ltr'><strong>set</strong></span> <span class='ocrx_word' id='word_1_36' title='bbox 700 784 1194 860; x_wconf 84' lang='lat' dir='ltr'><strong>demonstratum,</strong></span> <span class='ocrx_word' id='word_1_37' title='bbox 1237 784 1622 859; x_wconf 83' lang='lat' dir='ltr'><strong>exstiterunt,</strong></span> <span class='ocrx_word' id='word_1_38' title='bbox 1672 785 1777 861; x_wconf 88' lang='lat' dir='ltr'><strong>qui</strong></span> <span class='ocrx_word' id='word_1_39' title='bbox 1797 782 2088 860; x_wconf 78' lang='lat' dir='ltr'><strong>dicerent,</strong></span> <span class='ocrx_word' id='word_1_40' title='bbox 2128 802 2281 845; x_wconf 77' lang='lat' dir='ltr'><strong>esse·</strong></span> 
     </span>
     <span class='ocr_line' id='line_1_7' title="bbox 570 887 2249 965; baseline 0.001 -19"><span class='ocrx_word' id='word_1_41' title='bbox 570 890 962 947; x_wconf 73' lang='lat' dir='ltr'><strong>O.-villosum</strong></span> <span class='ocrx_word' id='word_1_42' title='bbox 1005 887 1405 947; x_wconf 85' lang='lat' dir='ltr'><strong>Bieberstein.</strong></span> <span class='ocrx_word' id='word_1_43' title='bbox 1427 892 1456 962; x_wconf 81' lang='lat'><strong>,‘</strong></span> <span class='ocrx_word' id='word_1_44' title='bbox 1498 907 1533 944; x_wconf 88' lang='lat' dir='ltr'><strong>a</strong></span> <span class='ocrx_word' id='word_1_45' title='bbox 1570 908 1689 965; x_wconf 88' lang='lat' dir='ltr'><strong>quo</strong></span> <span class='ocrx_word' id='word_1_46' title='bbox 1719 898 1921 947; x_wconf 87' lang='lat' dir='ltr'><strong>tamen</strong></span> <span class='ocrx_word' id='word_1_47' title='bbox 1949 908 2078 946; x_wconf 89' lang='lat' dir='ltr'><strong>non</strong></span> <span class='ocrx_word' id='word_1_48' title='bbox 2124 890 2249 947; x_wconf 85' lang='lat' dir='ltr'><strong>mi-</strong></span> 
     </span>
     <span class='ocr_line' id='line_1_8' title="bbox 564 991 2256 1068; baseline 0.001 -18"><span class='ocrx_word' id='word_1_49' title='bbox 564 1013 678 1051; x_wconf 85' lang='lat' dir='ltr'><strong>nus</strong></span> <span class='ocrx_word' id='word_1_50' title='bbox 709 1011 883 1068; x_wconf 87' lang='lat' dir='ltr'><strong>quam</strong></span> <span class='ocrx_word' id='word_1_51' title='bbox 912 992 986 1049; x_wconf 87' lang='lat' dir='ltr'><strong>ab</strong></span> <span class='ocrx_word' id='word_1_52' title='bbox 1029 992 1222 1052; x_wconf 86' lang='lat' dir='ltr'><strong>altera</strong></span> <span class='ocrx_word' id='word_1_53' title='bbox 1250 991 1361 1050; x_wconf 85' lang='lat' dir='ltr'><strong>illa</strong></span> <span class='ocrx_word' id='word_1_54' title='bbox 1392 992 1600 1068; x_wconf 83' lang='lat' dir='ltr'><strong>planta</strong></span> <span class='ocrx_word' id='word_1_55' title='bbox 1633 993 1938 1052; x_wconf 78' lang='lat' dir='ltr'><strong>diversum</strong></span> <span class='ocrx_word' id='word_1_56' title='bbox 1961 1002 2067 1052; x_wconf 88' lang='lat' dir='ltr'><strong>est.</strong></span> <span class='ocrx_word' id='word_1_57' title='bbox 2129 995 2256 1052; x_wconf 79' lang='lat' dir='ltr'><strong>At-</strong></span> 
     </span>
     <span class='ocr_line' id='line_1_9' title="bbox 497 1095 2253 1174; baseline 0.001 -20"><span class='ocrx_word' id='word_1_58' title='bbox 497 1126 502 1130; x_wconf 94' lang='lat'>·</span> <span class='ocrx_word' id='word_1_59' title='bbox 569 1116 686 1171; x_wconf 89' lang='lat' dir='ltr'><strong>que</strong></span> <span class='ocrx_word' id='word_1_60' title='bbox 735 1114 855 1172; x_wconf 89' lang='lat' dir='ltr'><strong>quo</strong></span> <span class='ocrx_word' id='word_1_61' title='bbox 901 1105 1178 1174; x_wconf 88' lang='lat' dir='ltr'><strong>tempore</strong></span> <span class='ocrx_word' id='word_1_62' title='bbox 1221 1095 1700 1156; x_wconf 86' lang='lat' dir='ltr'><strong>Persoonianum</strong></span> <span class='ocrx_word' id='word_1_63' title='bbox 1751 1098 1825 1156; x_wconf 88' lang='grc' dir='ltr'><strong>Ο.</strong></span> <span class='ocrx_word' id='word_1_64' title='bbox 1876 1114 2124 1153; x_wconf 74' lang='grc' dir='ltr'><strong>αννεηεε</strong></span> <span class='ocrx_word' id='word_1_65' title='bbox 2172 1097 2253 1156; x_wconf 86' lang='lat' dir='ltr'><strong>ad</strong></span> 
     </span>
     <span class='ocr_line' id='line_1_10' title="bbox 562 1198 2254 1278; baseline 0.003 -22"><span class='ocrx_word' id='word_1_66' title='bbox 562 1198 791 1256; x_wconf 86' lang='lat' dir='ltr'><strong>Linnei</strong></span> <span class='ocrx_word' id='word_1_67' title='bbox 863 1201 934 1259; x_wconf 89' lang='grc' dir='ltr'><strong>Ο.</strong></span> <span class='ocrx_word' id='word_1_68' title='bbox 996 1203 1316 1258; x_wconf 81' lang='lat' dir='ltr'><strong>minimum</strong></span> <span class='ocrx_word' id='word_1_69' title='bbox 1375 1198 1794 1275; x_wconf 79' lang='lat' dir='ltr'><strong>referebatur,</strong></span> <span class='ocrx_word' id='word_1_70' title='bbox 1888 1199 1952 1258; x_wconf 82' lang='lat' dir='ltr'><strong>id</strong></span> <span class='ocrx_word' id='word_1_71' title='bbox 1968 1243 1989 1270; x_wconf 87' lang='lat'><em>,</em></span> <span class='ocrx_word' id='word_1_72' title='bbox 2087 1202 2254 1278; x_wconf 83' lang='lat' dir='ltr'><strong>quod</strong></span> 
     </span>
     <span class='ocr_line' id='line_1_11' title="bbox 567 1302 2253 1382; baseline 0.004 -24"><span class='ocrx_word' id='word_1_73' title='bbox 567 1320 715 1358; x_wconf 82' lang='lat' dir='ltr'><strong>vere</strong></span> <span class='ocrx_word' id='word_1_74' title='bbox 749 1310 839 1359; x_wconf 88' lang='lat' dir='ltr'><strong>est</strong></span> <span class='ocrx_word' id='word_1_75' title='bbox 876 1302 1258 1363; x_wconf 86' lang='lat' dir='ltr'><strong>Linneanum</strong></span> <span class='ocrx_word' id='word_1_76' title='bbox 1288 1304 1361 1362; x_wconf 88' lang='grc' dir='ltr'><strong>Ο.</strong></span> <span class='ocrx_word' id='word_1_77' title='bbox 1392 1306 1750 1377; x_wconf 82' lang='lat' dir='ltr'><strong>minimum,</strong></span> <span class='ocrx_word' id='word_1_78' title='bbox 1793 1304 2089 1382; x_wconf 82' lang='lat' dir='ltr'><strong>putabant</strong></span> <span class='ocrx_word' id='word_1_79' title='bbox 2120 1325 2253 1364; x_wconf 84' lang='lat' dir='ltr'><strong>esse</strong></span> 
     </span>
     <span class='ocr_line' id='line_1_12' title="bbox 569 1394 2250 1484; baseline 0.003 -23"><span class='ocrx_word' id='word_1_80' title='bbox 569 1404 644 1461; x_wconf 89' lang='lat'><strong>0.</strong></span> <span class='ocrx_word' id='word_1_81' title='bbox 683 1404 1033 1482; x_wconf 75' lang='lat' dir='ltr'><strong>Sternbergi</strong></span> <span class='ocrx_word' id='word_1_82' title='bbox 1049 1428 1075 1478; x_wconf 91' lang='lat'><em>;</em></span> <span class='ocrx_word' id='word_1_83' title='bbox 1110 1426 1272 1481; x_wconf 84' lang='lat' dir='ltr'><strong>nunc</strong></span> <span class='ocrx_word' id='word_1_84' title='bbox 1306 1416 1543 1476; x_wconf 84' lang='lat' dir='ltr'><strong>autem,</strong></span> <span class='ocrx_word' id='word_1_85' title='bbox 1586 1418 1904 1484; x_wconf 86' lang='lat' dir='ltr'>postquam</span> <span class='ocrx_word' id='word_1_86' title='bbox 1934 1428 2149 1468; x_wconf 83' lang='lat' dir='ltr'><strong>verum</strong></span> <span class='ocrx_word' id='word_1_87' title='bbox 2172 1394 2250 1469; x_wconf 57' lang='lat' dir='ltr'><strong>0ss</strong></span> 
     </span>
     <span class='ocr_line' id='line_1_13' title="bbox 462 1496 2248 1589; baseline 0.004 -26"><span class='ocrx_word' id='word_1_88' title='bbox 462 1512 470 1520; x_wconf 81' lang='grc'><strong><em>’</em></strong></span> <span class='ocrx_word' id='word_1_89' title='bbox 567 1508 887 1564; x_wconf 74' lang='lat' dir='ltr'><strong>minimum</strong></span> <span class='ocrx_word' id='word_1_90' title='bbox 917 1506 991 1562; x_wconf 88' lang='lat' dir='ltr'><strong>L.</strong></span> <span class='ocrx_word' id='word_1_91' title='bbox 1022 1516 1408 1584; x_wconf 81' lang='lat' dir='ltr'><strong>perspectum</strong></span> <span class='ocrx_word' id='word_1_92' title='bbox 1449 1519 1569 1584; x_wconf 86' lang='lat' dir='ltr'><strong>est,</strong></span> <span class='ocrx_word' id='word_1_93' title='bbox 1614 1530 1741 1568; x_wconf 89' lang='lat' dir='ltr'><strong>non</strong></span> <span class='ocrx_word' id='word_1_94' title='bbox 1766 1512 1886 1569; x_wconf 85' lang='lat' dir='ltr'><strong>nisi</strong></span> <span class='ocrx_word' id='word_1_95' title='bbox 1921 1496 2101 1589; x_wconf 73' lang='lat' dir='ltr'><strong>hujus</strong></span> <span class='ocrx_word' id='word_1_96' title='bbox 2134 1533 2248 1571; x_wconf 83' lang='lat' dir='ltr'><strong>va-</strong></span> 
     </span>
     <span class='ocr_line' id='line_1_14' title="bbox 520 1610 2249 1695; baseline 0.008 -30"><span class='ocrx_word' id='word_1_97' title='bbox 520 1688 525 1692; x_wconf 25' lang='grc'><strong><em>,</em></strong></span> <span class='ocrx_word' id='word_1_98' title='bbox 567 1610 850 1667; x_wconf 88' lang='lat' dir='ltr'><strong>rietatem</strong></span> <span class='ocrx_word' id='word_1_99' title='bbox 880 1630 1008 1687; x_wconf 77' lang='lat' dir='ltr'><strong>esse</strong></span> <span class='ocrx_word' id='word_1_100' title='bbox 1037 1611 1252 1691; x_wconf 70' lang='lat' dir='ltr'><strong>volunt</strong></span> <span class='ocrx_word' id='word_1_101' title='bbox 1285 1612 1359 1670; x_wconf 88' lang='grc' dir='ltr'><strong>Ο.</strong></span> <span class='ocrx_word' id='word_1_102' title='bbox 1394 1613 1785 1695; x_wconf 76' lang='lat' dir='ltr'><strong>spathaceum</strong></span> <span class='ocrx_word' id='word_1_103' title='bbox 1802 1616 2035 1693; x_wconf 84' lang='lat' dir='ltr'><strong>Haynii</strong></span> <span class='ocrx_word' id='word_1_104' title='bbox 2049 1663 2067 1693; x_wconf 84' lang='lat'><em>‚</em></span> <span class='ocrx_word' id='word_1_105' title='bbox 2115 1638 2249 1695; x_wconf 81' lang='lat' dir='ltr'><strong>quae</strong></span> 
     </span>
     <span class='ocr_line' id='line_1_15' title="bbox 567 1712 2250 1801; baseline 0.008 -31"><span class='ocrx_word' id='word_1_106' title='bbox 567 1712 797 1789; x_wconf 79' lang='lat' dir='ltr'><strong>species</strong></span> <span class='ocrx_word' id='word_1_107' title='bbox 841 1714 918 1772; x_wconf 86' lang='lat' dir='ltr'><strong>ab</strong></span> <span class='ocrx_word' id='word_1_108' title='bbox 965 1736 1035 1772; x_wconf 88' lang='lat' dir='ltr'><strong>ea</strong></span> <span class='ocrx_word' id='word_1_109' title='bbox 1078 1715 1263 1791; x_wconf 75' lang='lat' dir='ltr'><strong>magis</strong></span> <span class='ocrx_word' id='word_1_110' title='bbox 1311 1715 1493 1774; x_wconf 90' lang='lat' dir='ltr'><strong>etiam</strong></span> <span class='ocrx_word' id='word_1_111' title='bbox 1531 1715 1772 1793; x_wconf 82' lang='lat' dir='ltr'><strong>differt,</strong></span> <span class='ocrx_word' id='word_1_112' title='bbox 1818 1739 1995 1801; x_wconf 78' lang='lat' dir='ltr'><strong>quaxn</strong></span> <span class='ocrx_word' id='word_1_113' title='bbox 2030 1732 2250 1784; x_wconf 70' lang='lat' dir='ltr'><strong>ceteras</strong></span> 
     </span>
     <span class='ocr_line' id='line_1_16' title="bbox 533 1817 2249 1945; baseline 0.006 -67"><span class='ocrx_word' id='word_1_114' title='bbox 533 1873 538 1878; x_wconf 88' lang='lat'>.</span> <span class='ocrx_word' id='word_1_115' title='bbox 569 1817 732 1876; x_wconf 85' lang='lat' dir='ltr'><strong>inter</strong></span> <span class='ocrx_word' id='word_1_116' title='bbox 765 1837 846 1876; x_wconf 85' lang='lat' dir='ltr'><strong>se.</strong></span> <span class='ocrx_word' id='word_1_117' title='bbox 916 1820 1091 1945; x_wconf 49' lang='grc' dir='ltr'><strong>νΝεὸ</strong></span> <span class='ocrx_word' id='word_1_118' title='bbox 1110 1819 1294 1896; x_wconf 86' lang='lat' dir='ltr'><strong>magis</strong></span> <span class='ocrx_word' id='word_1_119' title='bbox 1328 1820 1660 1881; x_wconf 84' lang='lat' dir='ltr'><strong>verisimile</strong></span> <span class='ocrx_word' id='word_1_120' title='bbox 1685 1822 1932 1882; x_wconf 85' lang='lat' dir='ltr'><strong>videtur</strong></span> <span class='ocrx_word' id='word_1_121' title='bbox 1949 1827 2048 1902; x_wconf 83' lang='lat' dir='ltr'><strong>id,</strong></span> <span class='ocrx_word' id='word_1_122' title='bbox 2085 1831 2249 1906; x_wconf 81' lang='lat' dir='ltr'><strong>quod</strong></span> 
     </span>
     <span class='ocr_line' id='line_1_17' title="bbox 503 1923 2250 2007; baseline 0.007 -29"><span class='ocrx_word' id='word_1_123' title='bbox 503 1998 508 2004; x_wconf 17' lang='grc' dir='ltr'><strong><em>ἢ</em></strong></span> <span class='ocrx_word' id='word_1_124' title='bbox 570 1923 856 1998; x_wconf 87' lang='lat' dir='ltr'><strong>nonnulli</strong></span> <span class='ocrx_word' id='word_1_125' title='bbox 890 1933 1199 1992; x_wconf 82' lang='lat' dir='ltr'><strong>statuunt,</strong></span> <span class='ocrx_word' id='word_1_126' title='bbox 1261 1945 1340 1983; x_wconf 82' lang='lat' dir='ltr'><strong>ex</strong></span> <span class='ocrx_word' id='word_1_127' title='bbox 1387 1925 1458 1983; x_wconf 89' lang='grc' dir='ltr'><strong>Ο.</strong></span> <span class='ocrx_word' id='word_1_128' title='bbox 1514 1927 1669 2005; x_wconf 75' lang='lat' dir='ltr'><strong>luteo</strong></span> <span class='ocrx_word' id='word_1_129' title='bbox 1703 1936 1931 1986; x_wconf 80' lang='lat' dir='ltr'><strong>ceteras</strong></span> <span class='ocrx_word' id='word_1_130' title='bbox 1958 1942 2250 2007; x_wconf 90' lang='lat' dir='ltr'><strong>quattuor</strong></span> 
     </span>
     <span class='ocr_line' id='line_1_18' title="bbox 573 2025 2247 2104; baseline 0.009 -24"><span class='ocrx_word' id='word_1_131' title='bbox 573 2025 798 2101; x_wconf 85' lang='lat' dir='ltr'><strong>species</strong></span> <span class='ocrx_word' id='word_1_132' title='bbox 848 2028 1394 2104; x_wconf 77' lang='lat' dir='ltr'><strong>transplantatione</strong></span> <span class='ocrx_word' id='word_1_133' title='bbox 1431 2038 1534 2088; x_wconf 85' lang='lat' dir='ltr'><strong>aut</strong></span> <span class='ocrx_word' id='word_1_134' title='bbox 1562 2029 1683 2087; x_wconf 88' lang='lat' dir='ltr'><strong>loci</strong></span> <span class='ocrx_word' id='word_1_135' title='bbox 1712 2032 2048 2094; x_wconf 86' lang='lat' dir='ltr'><strong>mutatione</strong></span> <span class='ocrx_word' id='word_1_136' title='bbox 2080 2045 2247 2095; x_wconf 83' lang='lat' dir='ltr'><strong>ortas</strong></span> 
     </span>
     <span class='ocr_line' id='line_1_19' title="bbox 574 2131 2249 2215; baseline 0.007 -26"><span class='ocrx_word' id='word_1_137' title='bbox 574 2149 741 2191; x_wconf 81' lang='lat' dir='ltr'><strong>esse:</strong></span> <span class='ocrx_word' id='word_1_138' title='bbox 798 2131 1122 2210; x_wconf 85' lang='lat' dir='ltr'><strong>videlicet,</strong></span> <span class='ocrx_word' id='word_1_139' title='bbox 1170 2133 1456 2210; x_wconf 81' lang='lat' dir='ltr'><strong>neplura</strong></span> <span class='ocrx_word' id='word_1_140' title='bbox 1486 2134 1766 2215; x_wconf 81' lang='lat' dir='ltr'><strong>afferam,</strong></span> <span class='ocrx_word' id='word_1_141' title='bbox 1832 2158 1911 2196; x_wconf 83' lang='lat' dir='ltr'><strong>ex</strong></span> <span class='ocrx_word' id='word_1_142' title='bbox 1946 2140 2017 2198; x_wconf 89' lang='grc' dir='ltr'><strong>Ο.</strong></span> <span class='ocrx_word' id='word_1_143' title='bbox 2073 2144 2249 2212; x_wconf 76' lang='lat' dir='ltr'><strong>lute0,</strong></span> 
     </span>
     <span class='ocr_line' id='line_1_20' title="bbox 572 2236 2248 2320; baseline 0.009 -29"><span class='ocrx_word' id='word_1_144' title='bbox 572 2236 638 2292; x_wconf 86' lang='lat' dir='ltr'><strong>in</strong></span> <span class='ocrx_word' id='word_1_145' title='bbox 664 2236 857 2311; x_wconf 82' lang='lat' dir='ltr'><strong>pratis</strong></span> <span class='ocrx_word' id='word_1_146' title='bbox 891 2245 1233 2313; x_wconf 82' lang='lat' dir='ltr'><strong>crescente,</strong></span> <span class='ocrx_word' id='word_1_147' title='bbox 1277 2236 1415 2296; x_wconf 84' lang='lat' dir='ltr'><strong>fieri</strong></span> <span class='ocrx_word' id='word_1_148' title='bbox 1452 2240 1525 2297; x_wconf 87' lang='lat'><strong>0.</strong></span> <span class='ocrx_word' id='word_1_149' title='bbox 1552 2254 1879 2316; x_wconf 79' lang='lat' dir='ltr'><strong>pratense;</strong></span> <span class='ocrx_word' id='word_1_150' title='bbox 1907 2263 2100 2320; x_wconf 16' lang='lat' dir='ltr'><strong>‘quum</strong></span> <span class='ocrx_word' id='word_1_151' title='bbox 2134 2264 2248 2306; x_wconf 87' lang='lat' dir='ltr'><strong>au-</strong></span> 
     </span>
     <span class='ocr_line' id='line_1_21' title="bbox 573 2339 2246 2419; baseline 0.008 -23"><span class='ocrx_word' id='word_1_152' title='bbox 573 2349 699 2396; x_wconf 82' lang='lat' dir='ltr'><strong>tem</strong></span> <span class='ocrx_word' id='word_1_153' title='bbox 747 2340 812 2395; x_wconf 86' lang='lat' dir='ltr'><strong>in</strong></span> <span class='ocrx_word' id='word_1_154' title='bbox 853 2339 1066 2416; x_wconf 84' lang='lat' dir='ltr'><strong>pingui</strong></span> <span class='ocrx_word' id='word_1_155' title='bbox 1114 2339 1301 2418; x_wconf 86' lang='lat' dir='ltr'><strong>humo</strong></span> <span class='ocrx_word' id='word_1_156' title='bbox 1350 2352 1454 2401; x_wconf 87' lang='lat' dir='ltr'><strong>aut</strong></span> <span class='ocrx_word' id='word_1_157' title='bbox 1493 2343 1559 2399; x_wconf 90' lang='lat' dir='ltr'><strong>in</strong></span> <span class='ocrx_word' id='word_1_158' title='bbox 1603 2343 1876 2419; x_wconf 66' lang='lat' dir='ltr'><strong>pulvinis</strong></span> <span class='ocrx_word' id='word_1_159' title='bbox 1926 2346 2246 2410; x_wconf 85' lang='lat' dir='ltr'><strong>hortorum</strong></span> 
     </span>
     <span class='ocr_line' id='line_1_22' title="bbox 573 2444 2248 2523; baseline 0.008 -24"><span class='ocrx_word' id='word_1_160' title='bbox 573 2452 828 2517; x_wconf 86' lang='lat' dir='ltr'><strong>crescat,</strong></span> <span class='ocrx_word' id='word_1_161' title='bbox 883 2444 1037 2503; x_wconf 86' lang='lat' dir='ltr'><strong>effici</strong></span> <span class='ocrx_word' id='word_1_162' title='bbox 1086 2444 1229 2502; x_wconf 86' lang='lat' dir='ltr'><strong>inde</strong></span> <span class='ocrx_word' id='word_1_163' title='bbox 1272 2446 1349 2502; x_wconf 78' lang='lat' dir='ltr'><strong>O.</strong></span> <span class='ocrx_word' id='word_1_164' title='bbox 1397 2466 1662 2505; x_wconf 65' lang='lat' dir='ltr'><strong>arven-se.</strong></span> <span class='ocrx_word' id='word_1_165' title='bbox 1775 2447 2146 2523; x_wconf 85' lang='lat' dir='ltr'><strong>Quibuscum</strong></span> <span class='ocrx_word' id='word_1_166' title='bbox 2177 2476 2248 2513; x_wconf 84' lang='lat' dir='ltr'><strong>ea</strong></span> 
     </span>
     <span class='ocr_line' id='line_1_23' title="bbox 574 2528 2243 2626; baseline 0.01 -25"><span class='ocrx_word' id='word_1_167' title='bbox 574 2547 822 2621; x_wconf 82' lang='lat' dir='ltr'><strong>saltem,</strong></span> <span class='ocrx_word' id='word_1_168' title='bbox 871 2566 1002 2624; x_wconf 83' lang='lat' dir='ltr'><strong>quae</strong></span> <span class='ocrx_word' id='word_1_169' title='bbox 1037 2566 1146 2624; x_wconf 84' lang='lat' dir='ltr'><strong>ego</strong></span> <span class='ocrx_word' id='word_1_170' title='bbox 1184 2549 1535 2626; x_wconf 83' lang='lat' dir='ltr'><strong>observavi,</strong></span> <span class='ocrx_word' id='word_1_171' title='bbox 1582 2550 1827 2610; x_wconf 88' lang='lat' dir='ltr'><strong>minime</strong></span> <span class='ocrx_word' id='word_1_172' title='bbox 1846 2528 2243 2616; x_wconf 64' lang='lat' dir='ltr'><strong>consentiunt.</strong></span> 
     </span>
     <span class='ocr_line' id='line_1_24' title="bbox 576 2652 2247 2746; baseline 0.008 -39"><span class='ocrx_word' id='word_1_173' title='bbox 576 2653 661 2708; x_wconf 84' lang='lat' dir='ltr'><strong>At</strong></span> <span class='ocrx_word' id='word_1_174' title='bbox 689 2652 999 2711; x_wconf 84' lang='lat' dir='ltr'><strong>enimvero</strong></span> <span class='ocrx_word' id='word_1_175' title='bbox 1032 2672 1112 2709; x_wconf 78' lang='lat' dir='ltr'><strong>ex</strong></span> <span class='ocrx_word' id='word_1_176' title='bbox 1143 2652 1273 2746; x_wconf 72' lang='lat' dir='ltr'><strong>solo</strong></span> <span class='ocrx_word' id='word_1_177' title='bbox 1309 2653 1531 2727; x_wconf 75' lang='lat' dir='ltr'><strong>bulbo,</strong></span> <span class='ocrx_word' id='word_1_178' title='bbox 1598 2663 1666 2712; x_wconf 88' lang='lat' dir='ltr'><strong>ut</strong></span> <span class='ocrx_word' id='word_1_179' title='bbox 1702 2655 1777 2713; x_wconf 86' lang='lat' dir='ltr'><strong>de</strong></span> <span class='ocrx_word' id='word_1_180' title='bbox 1830 2658 2043 2715; x_wconf 86' lang='lat' dir='ltr'><strong>ceteris</strong></span> <span class='ocrx_word' id='word_1_181' title='bbox 2087 2663 2247 2720; x_wconf 87' lang='lat' dir='ltr'><strong>notis</strong></span> 
     </span>
     <span class='ocr_line' id='line_1_25' title="bbox 572 2754 2247 2845; baseline 0.011 -36"><span class='ocrx_word' id='word_1_182' title='bbox 572 2762 855 2827; x_wconf 86' lang='lat' dir='ltr'><strong>taccam‚·</strong></span> <span class='ocrx_word' id='word_1_183' title='bbox 884 2754 1069 2812; x_wconf 84' lang='lat' dir='ltr'><strong>condi</strong></span> <span class='ocrx_word' id='word_1_184' title='bbox 1113 2764 1293 2832; x_wconf 86' lang='lat' dir='ltr'><strong>atque</strong></span> <span class='ocrx_word' id='word_1_185' title='bbox 1348 2757 1634 2817; x_wconf 86' lang='lat' dir='ltr'><strong>constitui</strong></span> <span class='ocrx_word' id='word_1_186' title='bbox 1682 2771 1933 2834; x_wconf 82' lang='lat' dir='ltr'><strong>possunt</strong></span> <span class='ocrx_word' id='word_1_187' title='bbox 1965 2764 2247 2845; x_wconf 59' lang='lat' dir='ltr'><strong>‘quinque</strong></span> 
     </span>
     <span class='ocr_line' id='line_1_26' title="bbox 570 2857 1202 2933; baseline 0.002 -19"><span class='ocrx_word' id='word_1_188' title='bbox 570 2857 691 2915; x_wconf 74' lang='lat' dir='ltr'><strong>111ae</strong></span> <span class='ocrx_word' id='word_1_189' title='bbox 717 2858 946 2933; x_wconf 85' lang='lat' dir='ltr'><strong>species</strong></span> <span class='ocrx_word' id='word_1_190' title='bbox 980 2877 1202 2917; x_wconf 90' lang='lat' dir='ltr'><strong>omnes.</strong></span> 
     </span>
    </p>
   </div>
   <div class='ocr_carea' id='block_1_3' title="bbox 312 2958 1778 3426">
    <p class='ocr_par' dir='ltr' id='par_1_3' title="bbox 312 2958 1778 3168">
     <span class='ocr_line' id='line_1_27' title="bbox 312 2958 1778 3067; baseline 0.002 -21"><span class='ocrx_word' id='word_1_191' title='bbox 312 2980 452 3045; x_wconf 84' lang='lat'><strong>175.</strong></span> <span class='ocrx_word' id='word_1_192' title='bbox 506 2972 1101 3067; x_wconf 70' lang='lat' dir='ltr'><strong>Ornithogalam</strong></span> <span class='ocrx_word' id='word_1_193' title='bbox 1127 2958 1622 3047; x_wconf 65' lang='lat' dir='ltr'><strong>umbellatum</strong></span> <span class='ocrx_word' id='word_1_194' title='bbox 1659 2983 1778 3049; x_wconf 74' lang='lat' dir='ltr'><strong>L*-</strong></span> 
     </span>
     <span class='ocr_line' id='line_1_28' title="bbox 314 3089 1539 3168; baseline 0.001 -4"><span class='ocrx_word' id='word_1_195' title='bbox 314 3100 454 3165; x_wconf 84' lang='lat'><strong>176.</strong></span> <span class='ocrx_word' id='word_1_196' title='bbox 502 3089 1015 3164; x_wconf 77' lang='lat' dir='ltr'><strong>Anthericum</strong></span> <span class='ocrx_word' id='word_1_197' title='bbox 1049 3120 1433 3166; x_wconf 85' lang='lat' dir='ltr'><strong>ramosum</strong></span> <span class='ocrx_word' id='word_1_198' title='bbox 1467 3119 1539 3168; x_wconf 79' lang='lat' dir='ltr'><strong>L.</strong></span> 
     </span>
    </p>

    <p class='ocr_par' dir='ltr' id='par_1_4' title="bbox 314 3208 1747 3426">
     <span class='ocr_line' id='line_1_29' title="bbox 701 3208 1747 3299; baseline 0.004 -24"><span class='ocrx_word' id='word_1_199' title='bbox 701 3217 776 3275; x_wconf 90' lang='lat' dir='ltr'><strong>In</strong></span> <span class='ocrx_word' id='word_1_200' title='bbox 806 3214 1030 3275; x_wconf 85' lang='lat' dir='ltr'><strong>vicinia</strong></span> <span class='ocrx_word' id='word_1_201' title='bbox 1059 3213 1404 3293; x_wconf 81' lang='lat' dir='ltr'><strong>Hamburgi</strong></span> <span class='ocrx_word' id='word_1_202' title='bbox 1419 3261 1436 3291; x_wconf 93' lang='lat'>‚</span> <span class='ocrx_word' id='word_1_203' title='bbox 1477 3208 1747 3299; x_wconf 65' lang='lat' dir='ltr'><strong>Flic&#39;gge.</strong></span> 
     </span>
     <span class='ocr_line' id='line_1_30' title="bbox 314 3328 1473 3426; baseline 0.001 -25"><span class='ocrx_word' id='word_1_204' title='bbox 314 3338 461 3416; x_wconf 70' lang='lat'><strong>177,</strong></span> <span class='ocrx_word' id='word_1_205' title='bbox 510 3328 1020 3408; x_wconf 71' lang='lat' dir='ltr'><strong>Anthericum</strong></span> <span class='ocrx_word' id='word_1_206' title='bbox 1055 3332 1372 3426; x_wconf 82' lang='lat' dir='ltr'><strong>Liliago</strong></span> <span class='ocrx_word' id='word_1_207' title='bbox 1399 3354 1473 3402; x_wconf 85' lang='lat' dir='ltr'><strong>L.</strong></span> 
     </span>
    </p>
   </div>
   <div class='ocr_carea' id='block_1_4' title="bbox 613 3451 2251 3541">
    <p class='ocr_par' dir='ltr' id='par_1_5' title="bbox 613 3451 2251 3541">
     <span class='ocr_line' id='line_1_31' title="bbox 613 3451 2251 3541; baseline 0.008 -32"><span class='ocrx_word' id='word_1_208' title='bbox 613 3523 622 3535; x_wconf 38' lang='grc' dir='ltr'><strong><em>Ι</em></strong></span> <span class='ocrx_word' id='word_1_209' title='bbox 701 3452 777 3510; x_wconf 88' lang='lat' dir='ltr'><strong>In</strong></span> <span class='ocrx_word' id='word_1_210' title='bbox 832 3451 990 3510; x_wconf 87' lang='lat' dir='ltr'><strong>Duc.</strong></span> <span class='ocrx_word' id='word_1_211' title='bbox 1046 3452 1419 3529; x_wconf 85' lang='lat' dir='ltr'><strong>Lauenburg</strong></span> <span class='ocrx_word' id='word_1_212' title='bbox 1478 3456 1555 3514; x_wconf 82' lang='lat' dir='ltr'><strong>ad</strong></span> <span class='ocrx_word' id='word_1_213' title='bbox 1608 3453 2002 3518; x_wconf 85' lang='lat' dir='ltr'><strong>Rothenhaus</strong></span> <span class='ocrx_word' id='word_1_214' title='bbox 2054 3480 2251 3541; x_wconf 81' lang='lat' dir='ltr'><strong>prope</strong></span> 
     </span>
    </p>
   </div>
   <div class='ocr_carea' id='block_1_5' title="bbox 519 3556 2249 3734">
    <p class='ocr_par' dir='ltr' id='par_1_6' title="bbox 519 3556 2249 3734">
     <span class='ocr_line' id='line_1_32' title="bbox 575 3556 2249 3629; baseline 0.008 -18"><span class='ocrx_word' id='word_1_215' title='bbox 575 3556 852 3627; x_wconf 78' lang='lat' dir='ltr'><strong>Bo‘rnsen</strong></span> <span class='ocrx_word' id='word_1_216' title='bbox 869 3598 886 3629; x_wconf 89' lang='lat'>‚</span> <span class='ocrx_word' id='word_1_217' title='bbox 935 3563 997 3613; x_wconf 90' lang='lat' dir='ltr'><strong>et</strong></span> <span class='ocrx_word' id='word_1_218' title='bbox 1028 3556 1096 3615; x_wconf 79' lang='lat' dir='ltr'><strong>in</strong></span> <span class='ocrx_word' id='word_1_219' title='bbox 1125 3556 1390 3615; x_wconf 80' lang='lat' dir='ltr'><strong>Slesvico</strong></span> <span class='ocrx_word' id='word_1_220' title='bbox 1428 3557 1591 3621; x_wconf 84' lang='lat' dir='ltr'><strong>inter</strong></span> <span class='ocrx_word' id='word_1_221' title='bbox 1624 3559 2038 3626; x_wconf 78' lang='lat' dir='ltr'><strong>Schauendah]</strong></span> <span class='ocrx_word' id='word_1_222' title='bbox 2057 3578 2115 3626; x_wconf 87' lang='lat' dir='ltr'><strong>et</strong></span> <span class='ocrx_word' id='word_1_223' title='bbox 2133 3569 2249 3628; x_wconf 82' lang='lat'><strong>01-</strong></span> 
     </span>
     <span class='ocr_line' id='line_1_33' title="bbox 519 3659 1122 3734; baseline 0.007 -20"><span class='ocrx_word' id='word_1_224' title='bbox 519 3714 522 3720; x_wconf 68' lang='lat'><em>,</em></span> <span class='ocrx_word' id='word_1_225' title='bbox 574 3659 786 3734; x_wconf 71' lang='lat' dir='ltr'><strong>derup.</strong></span> <span class='ocrx_word' id='word_1_226' title='bbox 873 3660 1122 3718; x_wconf 82' lang='lat' dir='ltr'><strong>Ecklon.</strong></span> 
     </span>
    </p>
   </div>
   <div class='ocr_carea' id='block_1_6' title="bbox 315 3772 1523 3868">
    <p class='ocr_par' dir='ltr' id='par_1_7' title="bbox 315 3772 1523 3868">
     <span class='ocr_line' id='line_1_34' title="bbox 315 3772 1523 3868; baseline 0.009 -29"><span class='ocrx_word' id='word_1_227' title='bbox 315 3778 458 3843; x_wconf 75' lang='lat'><strong>1²78.</strong></span> <span class='ocrx_word' id='word_1_228' title='bbox 510 3772 979 3866; x_wconf 77' lang='lat' dir='ltr'><strong>Asparagus</strong></span> <span class='ocrx_word' id='word_1_229' title='bbox 1019 3777 1424 3868; x_wconf 79' lang='lat' dir='ltr'><strong>officinalis</strong></span> <span class='ocrx_word' id='word_1_230' title='bbox 1452 3801 1523 3852; x_wconf 68' lang='lat'><strong>11.</strong></span> 
     </span>
    </p>
   </div>
  </div>
 </body>
</html>
