2516 4231
1002 198 1430 264 „45-

637 392 952 472 Frequens
1001 393 1068 453 in
1134 393 1351 453 insulis
1415 396 1489 454 ab
1546 397 1859 457 occidente
1908 395 2178 470 Slesvici,

505 494 794 573 Amrmn,
843 498 1016 575 Sylt,
1055 480 1248 572 Remi,
1286 499 1526 574 Fanb'e5
1586 501 1889 559 rarissima
1937 502 2003 559 in
2039 501 2178 579 ripa

501 598 770 662 fluminis
809 602 1014 662 Trave
1044 610 1185 680 post
1218 602 1534 679 Schlutup.
1593 662 1594 665 ,
1628 653 1642 665 .

624 708 828 782 Imago
877 704 1224 765 Oederiana
1257 704 1689 785 speciminibus
1732 726 1811 766 ex
1843 708 1976 767 aliis
2006 709 2173 785 locis,

497 817 569 887 ut
599 808 893 868 Berolino
911 853 929 883 ‚
977 806 1389 887 Megalopoli,
1437 811 1801 886 Wetterau,
1849 812 1958 871 ubi
1990 816 2172 872 etiam

495 913 705 990 reperi
723 910 876 971 hanc
892 913 1175 991 plantam,
1204 913 1451 999 omnino
1477 913 1690 971 similis
1716 925 1833 972 est:
1876 916 2171 995 quidquid

498 1015 712 1094 objicit
736 1017 1086 1077 Hoffmann.
1125 1016 1422 1079 Deutsch.
1457 1017 1626 1075 Flor.
1660 1019 1716 1079 1.
1750 1036 1811 1093 p.
1844 1017 1987 1081 200.

228 1124 373 1191 219.
427 1120 691 1193 Silene·
709 1124 1022 1216 anglica
1052 1142 1129 1192 L.

615 1241 786 1300 Flor.
819 1243 975 1300 Dan.
1008 1242 1130 1302 tab.
1171 1239 1351 1308 1643.

614 1345 786 1404 Inter
825 1357 1053 1423 segetes
1106 1348 1183 1406 ad
1214 1347 1537 1426 trajectum
1569 1343 1755 1426 (belm
1788 1342 2165 1428 Fiihrhause)

438 1479 444 1485 ·
487 1447 671 1525 freti,
721 1469 799 1508 ex
828 1451 1028 1510 insula
1054 1451 1362 1537 Fehmeni
1390 1453 1538 1510 dicti
1552 1495 1574 1523 ,
1611 1471 1807 1529 prope
1840 1450 2166 1528 Heiligen-

481 1552 710 1628 haven,
755 1574 790 1612 a
826 1554 954 1614 Cel.
997 1548 1606 1625 Profflornemann
1636 1555 1902 1615 inventa.

219 1662 365 1727 220.
394 1657 668 1728 Silene
700 1657 1066 1729 Armeria
1087 1665 1222 1731 L*.·

217 1783 363 1849 221.
417 1778 791 1848 Stellaria
846 1780 1204 1868 latifolia
1251 1799 1469 1849 PERS.

217 1905 367 1969 222.
424 1898 797 1967 Stellaria
836 1899 1226 1992 palustris
1268 1919 1524 1969 ΕΗΒΗ.

219 2027 366 2092 223.
419 2019 795 2088 Stellaria
827 2019 1242 2089 Friesiana
1288 2035 1602 2089 SERING.

611 2143 906 2200 Stellaria
953 2142 1292 2218 longzjblia
1333 2137 1529 2199 Ivi-ies.
1574 2138 1735 2198 Nov.
1780 2138 1946 2198 Flor.
1983 2141 2152 2201 Suec.

482 2263 542 2321 p.
564 2240 662 2311 49.
712 2245 877 2303 Flor.
896 2245 1179 2304 Halland.
1197 2263 1258 2321 p.
1279 2242 1380 2309 74.
1444 2246 1693 2305 Svensk.
1714 2245 1840 2304 bot.
1862 2244 1983 2303 tab.
2013 2244 2153 2309 506.

609 2350 683 2408 In
700 2350 856 2408 Duc.
877 2348 1247 2426 Lauenburg
1264 2350 1328 2408 in
1344 2350 1651 2427 paludosis
1668 2351 1745 2410 ad
1760 2339 2170 2411 Crummesse.

217 2458 361 2528 224.
419 2452 789 2522 stellaria
825 2454 1273 2543 crassifolia
1316 2475 1566 2525 ΕΗΒΗ.

601 2574 721 2632 Per
746 2582 873 2632 tres
923 2574 1197 2633 Ducatus
1232 2593 1439 2634 omnes
1471 2585 1531 2635 et
1564 2576 1630 2632 in
1654 2571 1962 2651 paludosis
1993 2582 2053 2632 et
2082 2576 2159 2634 ad

473 2678 621 2738 litus
655 2678 977 2737 marinum.

606 2784 669 2841 S.
704 2781 1342 2859 dichotomaWeberi‚
1367 2782 1605 2844 Primit.
1624 2780 1748 2840 No.
1770 2778 1908 2843 361.
1941 2777 2154 2840 nonL.

606 2885 893 2943 Cal-emus
925 2885 1119 2945 adhuc
1143 2889 1341 2963 proba
1366 2887 1495 2967 ejus
1525 2886 1816 2961 imagine;
1859 2905 1996 2942 nam
2027 2905 2158 2960 quae

420 3065 423 3070 ι
479 2987 556 3045 ab
574 2988 945 3047 Hoffmanno
979 2988 1230 3048 citatur:
1272 2995 1359 3049 Sc.
1383 2994 1721 3067 uliginosa,
1758 2988 2153 3046 CurtisFlor.

479 3093 680 3151 Lond.
715 3092 773 3156 6.
808 3114 869 3152 n.
907 3094 1007 3157 62.
1057 3102 1117 3151 et
1153 3113 1187 3149 a
1217 3090 1675 3166 Wahlenberg.
1725 3093 1812 3149 Se.
1834 3090 2159 3167 humijeasa

479 3196 648 3256 Flor.
679 3197 838 3257 Dan.
874 3199 997 3255 tab.
1031 3197 1188 3269 978,
1250 3217 1370 3269 eae,
1404 3215 1537 3252 mea
1567 3194 1811 3272 quidem
1842 3194 2158 3270 sententia,

479 3321 609 3361 non
641 3302 799 3363 hanc
829 3302 1090 3381 speciem
1122 3309 1576 3378 repraesentant.
1713 3303 1716 3304 ’

214 3417 358 3482 225.
411 3408 815 3481 Arenaria
852 3407 1104 3477 media
1155 3427 1230 3476 L.

214 3536 359 3601 226.
414 3526 811 3601 Arenaria
845 3530 1144 3602 viscosa
1165 3550 1382 3599 szs.

782 3687 1596 3807 Pentagynia.

218 3791 359 3909 227.
418 3841 690 3910 Sedum
714 3865 873 3934 pul
872 3865 1198 3933 pureum
1246 3851 1508 3909 LINK.
