2516 4231
1003 137 1538 269 ..426-

590 378 720 446 eam
738 430 756 461 ,
818 404 950 463 quae
968 383 1052 444 ¹in
1079 385 1283 445 Dania
1313 385 1571 453 crescit,
1623 404 1660 443 a
1687 398 1821 463 mea
1850 404 1978 446 non
2002 386 2272 447 differre.

590 493 721 551 Jam
765 511 916 550 vero
963 490 1268 568 comperi,
1327 489 1867 563 seminamatura,
1939 509 2071 566 quas
2111 511 2276 550 nunc

587 595 806 671 saepius
851 594 1102 672 excepi,
1173 613 1302 651 non
1342 610 1681 668 congruere
1727 612 1865 651 cum
1896 593 2277 671 Chenopodc'i

585 700 949 773 seminibus,
996 700 1104 758 sed
1134 696 1407 775 plantam
1432 695 1682 761 omnino
1702 740 1720 769 ‚
1774 705 1835 755 et
1878 708 2138 774 propter
2172 708 2280 757 te-

584 802 896 860 neriorem
961 802 1260 861 seminum
1322 798 1734 881 membranam
1797 810 2148 877 externam,
2211 811 2274 861 et

584 905 884 983 imprimis
913 916 1169 982 propter
1200 904 1600 980 embryonem
1640 905 2166 982 conduplicatum,
2216 916 2277 964 et

582 1021 844 1088 propter
877 1011 1277 1087 irregularem
1311 1008 1609 1084 calycem,
1671 1008 2018 1083 ponendam
2053 1031 2177 1069 esse
2210 1010 2277 1068 in

584 1134 807 1189 genere
833 1116 1088 1172 Koelzioe
1104 1111 1293 1172 Roth.
1377 1112 1756 1187 Magnopere
1790 1112 2121 1173 delectatus
2141 1135 2275 1174 sum

577 1225 857 1277 accurata
901 1215 1083 1295 hujus
1131 1219 1356 1293 plantae
1412 1215 1857 1291 descriptione,
1919 1237 2080 1279 anno
2117 1238 2274 1296 pro-

578 1318 750 1377 :ximo
790 1321 954 1377 edila
982 1322 1047 1381 in
1073 1323 1202 1381 Cel.
1235 1306 1684 1395 WVahlcnberg.
1711 1320 1883 1378 Flor.
1920 1322 2092 1381 Suec.
2137 1342 2272 1400 pag.

580 1422 724 1496 161,
773 1443 905 1499 quae
937 1436 1103 1484 certe
1138 1424 1299 1484 nihil
1334 1423 1639 1485 desiderio
1673 1423 2009 1498 relinquit3
2048 1446 2129 1482 ex
2159 1446 2277 1502 qua

581 1527 870 1602 cognovi,
940 1536 1252 1586 auctorem
1300 1527 1463 1584 idem
1513 1526 1590 1583 de
1639 1525 1973 1589 seminibus
2022 1549 2273 1606 compe-

580 1631 768 1705 risse,
830 1650 1018 1707 eaque
1066 1651 1192 1690 esse
1225 1618 1573 1702 sententia,
1636 1636 1706 1689 ut
1733 1628 2071 1706 existimet,
2115 1652 2271 1709 pro-

579 1734 787 1816 prium
817 1735 962 1794 inde
988 1754 1176 1811 genus
1207 1735 1377 1803 effici.
2285 1812 2288 1813 ⁷

707 1841 885 1912 Haec,
963 1856 1149 1917 quum
1186 1840 1279 1898 'sit
1330 1847 1587 1898 externa
1633 1836 1837 1914 specie
1887 1836 2271 1914 Chenopodc‘o

582 1947 932 2012 maritinw,
975 1962 1234 2019 quocum
1263 1963 1505 2020 semper
1530 1940 2026 2028 invenitur‘una,
2072 1943 2272 2000 simil-

577 2044 756 2122 lima,
798 2056 1001 2105 tamen
1032 2044 1211 2105 facile
1248 2047 1324 2105 ab
1356 2068 1430 2105 eo
1464 2044 1864 2120 distinguitur
1892 2054 1955 2103 et
1976 2045 2267 2123 'hirsutia,
2331 2122 2338 2128 .

581 2171 715 2230 quae
748 2153 1087 2228 praesertim
1119 2153 1333 2211 axillas
1367 2143 1664 2210 foliorum
1683 2148 1953 2224 obsidet,
1987 2152 2128 2229 plus
2147 2154 2268 2210 mi-

581 2275 774 2313 nusve
807 2257 1025 2329 densa,
1075 2267 1136 2315 et
1163 2257 1474 2333 calycibus
1492 2252 1868 2329 fructiferiS,
1901 2255 2271 2333 irregulari-

579 2358 695 2416 bus
728 2358 852 2415 illis
884 2370 1065 2436 atque
1096 2361 1428 2437 angulatis,
1479 2369 1576 2427 et,
1615 2359 1779 2434 quod
1811 2362 2140 2419 maximum
2160 2371 2265 2436 est,

580 2462 765 2521 ramis
798 2463 1020 2541 plantae
1049 2463 1435 2522 fructiferae'
1417 2484 1482 2520 m
1509 2462 1737 2537 spiram
1766 2464 1930 2519 actis.

708 2566 997 2650 Ceterum
1075 2566 1337 2628 hirsutia
1402 2564 1741 2626 senescenti
1791 2566 2038 2642 plantae
2108 2539 2265 2647 saepe

570 2670 782 2736 ,omnis
815 2671 1398 2729 deest..
1709 2683 1816 2742 ἡ

708 2775 895 2832 Ce1ta
923 2773 1051 2833 haec
1083 2793 1425 2853 synonyma
1451 2773 1673 2834 afferre
1703 2776 1880 2836 licet:

602 2891 604 2895 “
709 2881 870 2938 Kale·
905 2882 1112 2938 minus
1156 2882 1442 2939 villosum
1470 2874 1648 2960 (541)
1678 2882 1956 2959 Kylling.
1988 2882 2264 2941 Viridar.
2349 2949 2354 2954 ,

581 2982 798 3045 Danic.
827 3003 889 3062 p.
919 2982 1020 3046 77.

708 3088 1162 3165 Chenopodc'am
1200 3088 1526 3147 hirsutam.
1641 3088 1853 3148 Holm.
1896 3090 2064 3148 Flor.
2104 3091 2267 3148 Dan.

579 3194 647 3251 in
678 3193 861 3251 Linn.
908 3191 1167 3251 Amoen.
1220 3193 1385 3251 acad.
1428 3192 1486 3255 5.
1523 3214 1586 3273 Ρ.
1627 3191 1728 3257 40.
1824 3192 2266 3336 Wahlenberg.

586 3296 752 3356 Flor.
789 3300 960 3356 Suec.
999 3300 1047 3356 Ι.
1086 3318 1148 3374 Ρ.
1183 3298 1325 3361 160.

707 3404 953 3460 Sal-sola
997 3402 1246 3462 hirsuta
1278 3404 1459 3463 Linn.
1482 3406 1599 3481 Sp.
1625 3405 1723 3481 pl.
1763 3404 1856 3462 ed.
1885 3403 1967 3461 Π.
2004 3404 2180 3460 Tom.
2216 3403 2269 3461 Ι.

581 3524 642 3582 Ρ.
662 3506 798 3568 323.
897 3505 1124 3565 Oeder.
1158 3507 1252 3564 Fl.
1286 3509 1444 3566 Dan.
1459 3507 1605 3565 fasc.
1638 3504 1699 3569 4.
1728 3525 1866 3585 pag.-
1892 3503 1956 3570 4.
1983 3507 2107 3565 tab.
2129 3503 2269 3568 184

584 3606 821 3671 Miiller
847 3610 1017 3668 Flor.
1039 3609 1419 3669 Fridrichsd.
1450 3630 1513 3688 p.
1545 3608 1649 3677 48.
1742 3612 1911 3671 Rafn
1929 3612 2275 3670 Danmarks

591 3730 668 3785 og
684 3713 1010 3772 I-Iolsteens
1027 3714 1200 3773 Flor.
1220 3714 1278 3779 2.
1303 3733 1440 3792 pag.
1467 3714 1610 3780 251.
1656 3767 1659 3771 Α
1683 3715 2273 3777 Schumach.Enum.

588 3813 777 3891 Plant-
799 3817 846 3872 Ῑ·
863 3835 995 3892 1³³3·
1023 3818 1122 3880 83.
1217 3822 1640 3885 Hornemann.
1661 3817 2073 3883 Oeconomisk
2089 3818 2278 3877 Plan-

588 3916 795 3979 telaere
824 3919 914 3980 ed.
946 3921 1057 3983 ΙΙΙ.
1091 3924 1146 3989 1.
1182 3940 1317 4003 pag.
1355 3902 1495 3992 294.
