2516 4231
1043 238 1126 270 -·.
1219 226 1493 319 33¹...-

234 484 237 487 A
302 429 445 494 185.
494 419 780 489 Iuncus
810 443 1078 514 repens
1101 439 1483 501 REQUIEN.

682 540 782 598 Ad
829 540 1113 616 flumina,
1161 561 1421 617 quorum
1469 538 1730 599 altitudo
1776 541 1955 625 maris
1997 561 2239 602 accessu

563 650 625 700 et
648 662 891 703 recessu
916 655 1222 720 mutatur,
1265 654 1335 703 ut
1371 645 1513 703 Sto’r
1531 687 1549 719 ‚
1585 645 1875 705 Eidoram
1892 684 1911 720 ,
1955 642 2236 720 Kriikau,

562 744 790 806 Albim.

689 851 1064 912 Decandolle
1100 851 1237 912 flor.
1280 851 1471 912 franc.
1513 853 1689 912 Tom.
1726 853 1805 912 V.
1840 869 1901 928 p.
1941 851 2065 916 308
2115 851 2237 912 No,

569 950 750 1023 1849.

697 1059 823 1136 Qui
871 1059 1120 1119 ultimus
1169 1058 1667 1139 monographiam
1706 1058 1949 1136 scripsit
2005 1059 2243 1136 generis

567 1161 748 1239 hujus
768 1206 784 1236 ,
873 1161 1001 1220 Cel.
1061 1163 1308 1240 ¹Meyer
1375 1160 1528 1222 hanc
1602 1163 1870 1242 plantam
1959 1171 2248 1240 tanquam

568 1284 969 1341 synonymam
1011 1266 1203 1325 trahit
1248 1267 1327 1327 ad
1369 1258 1456 1328 J,'
1481 1270 1861 1345 uliginosum
1890 1265 2076 1325 Roth.
2116 1267 2247 1325 sive

572 1371 632 1426 J.
669 1372 958 1444 supinum
989 1368 1253 1430 Moench.
1277 1413 1294 1444 ‚
1334 1389 1451 1447 qua
1482 1371 1548 1429 in
1581 1392 1652 1431 re
1687 1373 1743 1430 ei
1777 1391 1902 1430 non
1933 1370 2244 1428 assentior.

697 1472 789 1529 Ea
816 1472 1057 1548 planta,
1122 1492 1298 1550 quam
1326 1481 1479 1549 puto
1515 1491 1643 1531 esse
1676 1472 2014 1550 Requieni‚
2058 1473 2247 1548 magis

569 1572 758 1631 affinis
785 1584 874 1633 est
909 1580 971 1636 J.
1007 1577 1332 1651 acutisloro
1359 1572 1551 1655 Ehrh.
1590 1582 1695 1632 aut
1727 1577 1787 1633 J.
1821 1577 2209 1653 lampoearpo
2226 1598 2251 1648 ,·

576 1678 786 1737 eadem
842 1694 931 1738 est
983 1679 1190 1739 colore
1244 1678 1569 1737 admodum
1627 1676 1859 1754 pallide
1902 1677 2250 1753 virescenti,
2294 1664 2298 1669 ⁴

574 1782 749 1852 laxa,
813 1802 1052 1860 sempor
1083 1765 1339 1842 crassior
1366 1791 1427 1841 et
1451 1781 1696 1858 longior
1727 1801 1906 1858 quam
1926 1781 2252 1841 varietates

579 1891 638 1945 J.
697 1891 910 1963 supini
963 1906 1200 1960 omnes,
1272 1886 1457 1962 idque
1506 1884 1625 1942 sibi
1677 1885 2001 1964 proprium
2051 1883 2251 1960 habet,

574 1991 1076 2065 quemadmodum
1123 1990 1299 2047 docet
1333 1988 1743 2063 Decandolle,
1791 1999 1862 2048 ut
1885 1990 1958 2046 in·
1982 1988 2252 2065 singulis,

577 2094 684 2170 qui
731 2094 852 2153 duo
887 2113 1084 2153 ramos
1119 2090 1468 2170 interpositi
1505 2101 1680 2171 sunt,
1735 2091 1969 2174 angulis
2015 2112 2253 2171 semper

581 2197 816 2280 singula
844 2199 967 2258 sint
995 2198 1148 2255 folia
1177 2196 1512 2256 articulata.

322 2339 462 2402 156.
509 2330 800 2404 szcus
828 2335 1150 2427 supinus
1173 2321 1532 2404 MoENCH.

707 2454 1018 2532 Frequens
1048 2455 1209 2531 apud
1243 2473 1352 2514 nos
1379 2453 1450 2544 in,
1470 2453 1748 2511 omnibus
1788 2453 2143 2512 Ducatibus.

707 2558 875 2617 Flor.
913 2560 1070 2617 Dan.
1104 2558 1226 2615 tab.
1256 2558 1437 2622 1099.
1531 2558 1643 2614 Est
1673 2555 1798 2614 haec
1815 2555 2255 2633 simplicissima

581 2659 781 2718 forma
816 2672 877 2720 et
903 2662 1383 2739 antiquissimum
1402 2680 1623 2719 nomen
1637 2656 1819 2735 hujus
1836 2660 2077 2735 plantae,
2125 2680 2256 2737 quae

583 2762 1054 2823 innumerabiles
1085 2765 1311 2823 formas
1342 2764 1558 2823 induit.

707 2872 765 2926 J.
810 2868 1157 2944 uliginosus
1201 2866 1389 2926 Roth.
1435 2869 1657 2945 Meyer
1698 2886 1948 2946 synoPS.
1982 2870 2017 2927 J
2021 2890 2159 2929 unc.
2196 2889 2255 2947 p.

579 2968 678 3036 29.
711 2971 1001 3048 pleraque
1040 2968 1169 3048 ejus
1202 2970 1348 3030 citat
1381 2990 1737 3049 synonyma.

325 3113 466 3181 187.
514 3109 803 3178 Juncas
841 3111 1239 3201 capitatus
1282 3129 1635 3179 WEIGEL.
1673 3131 1677 3136 '

709 3232 784 3290 In
827 3230 977 3287 locis
1009 3229 1274 3288 arenosis
1321 3234 1630 3294 auctumni
1680 3242 1957 3311 tempore
1997 3229 2259 3289 inunda-

585 3335 665 3393 tis
699 3351 811 3410 per
837 3340 960 3391 tres
991 3335 1264 3394 Ducatus
1302 3356 1527 3395 omnes.

713 3436 881 3494 Flor.
918 3439 1076 3495 Dan.
1094 3438 1218 3497 tab.
1238 3439 1429 3520 1690.

713 3541 797 3599 Et
830 3539 954 3599 haec
984 3542 1192 3620 planta
1225 3552 1287 3614 et
1318 3563 1450 3621 quae
1484 3542 1759 3620 sequitur
1778 3552 2121 3603 constanter
2139 3542 2264 3602 tri-

585 3644 791 3704 andrae
819 3654 976 3705 sunt.

709 3746 1063 3810 Verisimile
1096 3761 1215 3826 est,
1290 3750 1410 3827 huc
1456 3753 1771 3829 pertinere
1812 3758 1871 3813 J.
1919 3751 2266 3829 triglamem

492 3871 498 3876 ·
585 3849 850 3913 Weberi
869 3894 886 3927 ‚
936 3854 1003 3914 in
1035 3855 1272 3920 Primit.
1305 3858 1429 3919 Nc.
1457 3858 1597 3925 296·
