2516 4231
308 166 364 253 Ὀ
1088 189 1520 253 -23-

601 383 869 441 canalem
942 382 1421 460 Seeburgensem
1514 382 1697 442 simul
1757 401 1895 442 cum
1962 385 2284 462 Polygono

600 488 908 556 Bistorta,
944 487 1372 565 Sanguisorba
1422 489 1725 565 officinali
1746 529 1772 555 ,
1802 489 2102 545 Betonica
2137 488 2283 563 offi-

599 592 799 649 einali
816 635 836 661 ,
884 593 1168 652 Diantlzo
1200 591 1453 669 superbo
1487 612 1523 649 a
1553 611 1648 650 me
1683 590 1959 668 Augusto
1991 610 2197 650 mense
2225 611 2279 648 a.

600 691 769 757 1824
796 706 1062 773 reperta.

339 819 482 885 125.
552 812 818 880 Ulmus
854 810 1213 880 suberosa
1239 831 1601 881 MoENCH.

340 951 484 1017 126.
552 946 818 1015 Ulmus
850 941 1094 1038 effusa
1141 962 1449 1013 WILLD.

342 1087 488 1151 127.
545 1078 817 1171 Eryng
823 1079 976 1146 ium
1001 1089 1532 1181 campestreL.
1583 1082 1586 1083 ⁷

727 1197 899 1254 Flor.
933 1198 1093 1255 Dan.
1125 1198 1249 1255 tab.
1283 1195 1424 1260 554

731 1300 1045 1376 Frequens
1073 1303 1150 1360 ad
1183 1302 1427 1376 Albim,
1493 1301 1601 1361 ubi
1635 1298 1754 1378 jam
1788 1301 1862 1359 ab
1896 1300 2144 1359 Oedero
2184 1297 2287 1355 in-

603 1411 854 1461 ventum
876 1414 1002 1461 est·
988 1445 1004 1475 ‚
1040 1406 1220 1463 etiam
1243 1406 1407 1481 apud
1424 1426 1499 1462 u1
1501 1406 1639 1462 bem
1655 1405 1992 1462 Lauenbm
1995 1423 2153 1478 gum,
2181 1400 2290 1460 ubi

603 1506 767 1582 impr
770 1505 904 1563 imis
940 1506 1002 1562 fi
1006 1527 1227 1583 equens
1270 1517 1379 1580 est,
1426 1507 1691 1584 indeque
1721 1508 1797 1565 ad
1831 1507 2053 1564 ostium
2078 1505 2289 1563 flumi-

604 1611 700 1668 nis
742 1611 884 1667 8¹:61·
905 1620 1048 1686 «post
1084 1610 1497 1688 Tyehopolin.

346 1736 487 1799 128.
538 1728 1077 1821 Hydrocotyle
1124 1728 1470 1820 vulgaris
1512 1750 1587 1798 L.

344 1870 487 1935 129.
537 1862 1022 1955 Bupleurum
1063 1860 1589 1929 tenuissimum
1621 1882 1696 1929 L.

736 1981 787 2038 F
793 1982 906 2038 lor.
940 1982 1099 2038 Dan.
1133 1978 1256 2037 tab.
1293 1981 1474 2046 1090.

733 2084 835 2144 Ad
849 2083 1354 2162 Heiligenhaven‚
1388 2085 1457 2144 in
1472 2084 1775 2146 Fehmern
1788 2092 1863 2154 ‚et
1882 2083 1943 2142 N
1947 2082 2285 2143 ordstrand.

342 2210 484 2273 130.
539 2200 965 2270 Ast-reunia
997 2203 1249 2295 major
1283 2200 1399 2271 L*.

341 2343 484 2405 131.
541 2332 904 2401 caucalis
938 2334 1227 2402 nodosa
1261 2356 1497 2405 HUDS.

731 2451 913 2527 Engl.
954 2452 1081 2509 bot.
1117 2455 1240 2511 tab.
1279 2456 1419 2520 199.

729 2556 1006 2615 Primum
1039 2577 1074 2613 a
1104 2559 1186 2616 V.
1214 2558 1370 2616 Ven.
1404 2558 1705 2633 Bargumo
1739 2556 1804 2613 in
1835 2554 2098 2626 molibus
2133 2556 2289 2612 mari

607 2659 864 2738 objectis
901 2661 1248 2720 Ditmarsiae
1282 2660 1564 2731 inventa,
1609 2670 1751 2737 post
1783 2660 1847 2719 in
1887 2657 2287 2736 Eyderstiidt,

608 2766 850 2824 Husum
889 2775 1001 2824 cet.

340 2880 486 2947 132.
538 2871 877 2941 Selia-am
930 2873 1307 2964 sylvestre
1337 2891 1414 2940 L.

727 2991 898 3049 Flor.
930 2993 1090 3051 Dan.
1122 2993 1246 3051 tab.
1265 2990 1418 3073 2412.

728 3096 1040 3173 Frequens
1073 3097 1138 3155 in
1171 3098 1513 3157 Ducatibus
1530 3117 1657 3156 esse
1678 3094 1906 3153 dieitur
1921 3094 1995 3152 ab
2018 3094 2281 3153 Cedere.

601 3202 823 3276 Nuper
856 3200 1053 3259 Smith
1091 3197 1274 3277 Engl.
1304 3204 1475 3262 Flor.
1506 3202 1566 3265 2.
1597 3221 1656 3278 Ρ.
1689 3202 1789 3267 98.
1820 3209 2033 3270 contra
2051 3201 2285 3275 Spren-

601 3304 701 3378 gel
749 3306 1092 3379 contendit,
1158 3308 1220 3365 S.
1266 3309 1553 3383 sylvestre
1579 3308 1763 3365 Linn.
1818 3303 2002 3380 plane
2055 3323 2170 3380 per
2217 3322 2284 3359 se

598 3406 834 3467 efficere
884 3410 1161 3486 speciem.
1278 3412 1492 3489 Itaque
1538 3408 2080 3470 commendandum
2129 3391 2283 3483 pute

597 3512 869 3570 studium
888 3557 905 3586 ,
956 3533 1077 3590 quo
1099 3511 1199 3572 hic
1221 3514 1289 3573 in
1321 3515 1544 3573 nostris
1573 3513 1760 3572 terris
1794 3510 2145 3589 diligentius
2179 3510 2286 3569 in·-

599 3616 957 3690 vestigetur.
1048 3618 1173 3676 Sed
1208 3619 1531 3695 suspiceris
1562 3638 1763 3695 paene,
1819 3637 1899 3677 ex
1929 3617 2090 3675 notis
2122 3616 2282 3674 Lin—

594 3718 775 3774 neani
834 3722 895 3775 S.
929 3722 1245 3795 sylvestris
1274 3745 1309 3781 a
1345 3722 1603 3782 smithio
1646 3723 1876 3797 allatis,
1929 3720 2285 3797 intelligen-

592 3818 729 3878 dam
775 3838 900 3880 csse
934 3842 1065 3882 eam
1097 3825 1357 3903 speciem
1372 3871 1394 3901 ,
1435 3847 1566 3908 quae
1599 3828 1888 3908 sequitur.
