2516 4231
1220 192 1444 257 xvm

338 396 779 471 ·Weberum
808 382 1209 472 audirent,
1236 406 1243 415 ·
1285 381 1626 453 instituta
1640 402 1667 472 ,·
1712 386 2316 456 multa-contine-

314 558 327 566 .
376 510 546 570 rent
578 486 985 583 specimina
1026 485 1260 575 ipsius
1293 484 1597 552 Weberi
1644 486 2087 554 auctoritate
2137 509 2315 556 con-

380 601 685 689 signata.
742 626 746 630 ‡
794 584 1076 678 Quibus
1112 582 1454 651 omnibus
1489 583 1686 651 inter
1724 606 1800 652 se
1835 585 2158 672 collatis,
2206 586 2316 652 via

380 701 558 768 deor
603 688 695 760 ad
727 684 1073 754 notitiam
1115 682 1540 772 pervenisse
1588 684 2017 771 plantarum
2062 685 2151 750 ab
2192 685 2311 752 Ill.

376 796 698 865 Webero
750 785 832 854 'm
889 781 1250 853 Primitiis
1315 782 1871 871 propositarum
1925 783 2100 851 satis
2161 806 2317 851 am-

376 897 583 988 plam
617 901 839 976 atque
875 881 1271 972 copiosam.
1407 952 1414 960 ,
1799 876 1804 881 ’

575 993 853 1063 Praeter
891 1004 1037 1068 eOS,
1068 1002 1251 1070 quos
1282 979 1881 1067 commemoravi,
1938 982 2166 1051 etiam
2186 981 2319 1049 alii

380 1091 802 1183 complures
843 1086 991 1153 VV-
1029 1084 1198 1150 DD.
1226 1126 1229 1139 «
1262 1103 1385 1147 me
1419 1080 1879 1166 adjuverunt,
1935 1104 2171 1170 quum
2196 1083 2322 1154 vel

381 1219 503 1282 ea,
573 1200 735 1279 q'uae
791 1180 936 1271 ipsi
983 1179 1458 1271 collegissent
1510 1192 1585 1259 et
1618 1181 2145 1267 observassent,
2197 1181 2323 1248 vel

383 1319 493 1379 ea,
528 1310 691 1378 quae
723 1305 844 1348 me
870 1277 1187 1347 edocere
1220 1287 1296 1346 et
1321 1278 1961 1349 commonefacere
1989 1292 2315 1370 possent,

383 1380 919 1462 officiosissime
971 1400 1273 1446 mecum
1337 1378 1993 1447 communicarent.
2131 1380 2322 1447 Sunt

383 1511 647 1563 eorum
678 1477 1020 1562 nomina,
1080 1497 1243 1564 quae
1294 1474 1713 1566 gratissimo
1762 1497 1937 1543 sane
1986 1476 2234 1545 animo
2274 1500 2321 1544 a

378 1614 504 1662 me
538 1579 1079 1664 describuntur,
1131 1575 1331 1640 haec:
1390 1574 1462 1641 C.
1486 1577 1574 1641 F.
1607 1576 1698 1643 L.
1718 1577 2003 1658 Arndt,
2042 1575 2321 1662 J.B0k·,

379 1692 449 1763 J.
480 1689 576 1758 N.
616 1678 903 1763 Rueck,
955 1675 1026 1743 C.
1063 1672 1511 1757 R'Ecklon,
1589 1673 1668 1743 T.
1700 1674 2323 1759 Forchlzammer,

387 1796 470 1862 Ο.
486 1787 553 1858 J.
576 1777 991 1859 Freuclzen,
1039 1774 1145 1847 H.
1175 1775 1266 1842 P.
1290 1770 1773 1860 GEsmarch,
1797 1771 1872 1841 C.
1895 1772 2327 1858 Giitsclzow,
2369 1776 2372 1781 ’

362 1879 870 1961 ,Ηρθναόαιῦ
920 1876 1008 1943 F.
1053 1876 1141 1941 G.
1177 1873 1514 1964 Hayne,
1546 1872 1634 1941 G.
1668 1874 1754 1940 F.
1782 1873 1880 1940 D.
1910 1874 2326 1964 Henniges,

382 1984 670 2065 Kindt,
720 1975 788 2042 J.
828 1975 917 2042 G.
954 1972 1026 2038 C.
1060 1970 1498 2055 Lehmann,
1552 1970 1675 2038 W.
1714 1971 1809 2037 B.
1854 1995 1918 2040 ν.
1956 1964 2323 2052 Linstow,

381 2087 448 2159 J.
479 2085 567 2154 F.
593 2078 664 2148 C.
682 2076 964 2157 Lucas,
1014 2068 1466 2152 Markwort,
1518 2066 1834 2150 Mauolz,
1880 2070 1965 2148 F.
2012 2067 2325 2138 amer..

381 2200 579 2263 tens,
648 2175 716 2246 J.
750 2174 817 2243 J.
852 2171 1157 2261 Meyer,
1220 2167 1289 2235 J.
1327 2166 1395 2235 J.
1427 2169 1517 2237 P.
1559 2167 2170 2253 Moldenlzawer,
2219 2166 2321 2239 A.

382 2280 653 2369 Mar-k,
724 2270 824 2344 A.
872 2270 996 2338 W
1044 2266 1379 2352 Neuber,
1452 2267 1556 2358 H
1591 2267 1694 2338 D.
1728 2267 2007 2354 Prien,
2076 2268 2326 2355 Pries‚

384 2377 709 2454 Rhodes
751 2371 840 2440 G.
871 2377 946 2432 et
994 2365 1116 2433 JV.
1152 2367 1503 2431 Saxesen.
2099 2423 2104 2426 ,
2225 2387 2230 2393 ·

385 2531 389 2536 ,
580 2475 761 2542 Haec
797 2466 957 2534 fere
1017 2474 1229 2548 sunt,
1298 2483 1460 2549 quae
1514 2460 1606 2527 ad
1651 2458 1984 2528 futuram
2026 2462 2322 2529 Floram

382 2585 822 2651 Ducatuum
850 2563 1125 2650 trium,
1190 2558 1734 2650 inclusisagris
1783 2559 2167 2647 oppidanis
2197 2582 2320 2636 ur-

379 2679 594 2748 bium
620 2664 1218 2738 hanseaticarum
1231 2657 1649 2749 Hamburgi
1684 2671 1760 2725 et
1772 2655 2128 2746 Liibecae,
2150 2681 2322 2727 con-

386 2770 674 2868 quisivi.
777 2771 874 2837 Et
911 2777 1205 2847 tamen,
1257 2759 1448 2830 licet,
1472 2760 1709 2826 multa
1754 2758 2319 2845 observaverim,

382 2876 624 2945 multa
651 2858 1276 2954 comparaverim,
1328 2858 1690 2928 nonnulla
1738 2857 1965 2927 etiam
2008 2856 2323 2947 perscri-

382 2971 664 3067 pserim
718 2978 794 3032 et
837 2957 1385 3053 quodammodo
1463 2955 1942 3043 absolverim,
2028 2979 2321 3046 semper

382 3097 572 3145 nova
604 3064 1129 3142 inveniuntur3
1213 3056 1542 3126 necdum
1591 3079 1845 3125 omnes
1887 3059 2321 3127 Ducatuum
2423 3127 2427 3131 Α

381 3187 628 3265 partes
676 3163 848 3233 satis
905 3162 1303 3250 exploratae
1347 3169 1557 3244 sunt,
1632 3170 1707 3224 et
1737 3170 2019 3234 restant
2052 3156 2131 3224 in
2156 3155 2318 3246 qui-

376 3271 690 3342 busdam
735 3259 1009 3353 plantis
1086 3258 1308 3326 dubia
1366 3257 1641 3343 multa,
1743 3279 1904 3346 quae
1964 3278 2118 3324 non
2174 3254 2319 3323 nisi

381 3370 812 3442 continuata
884 3377 1153 3429 earum
1209 3357 1505 3424 cultura
1566 3353 1934 3424 removeri
1967 3367 2311 3444 possunt.

380 3478 662 3564 Quare,
719 3484 956 3552 quum
996 3479 1269 3526 munus
1313 3453 1758 3538 Professoris
1799 3455 2184 3523 Botanices
2235 3453 2315 3522 in

370 3561 593 3641 Univ,
648 3557 1104 3642 Kiloniensi,
1185 3554 1278 3621 ad
1336 3577 1459 3621 me
1523 3553 1893 3642 delatum,
1971 3550 2317 3621 latiorem

283 3669 289 3674 ’
375 3668 567 3739 mihi
598 3659 884 3755 aperiat
910 3675 1262 3744 campum
1293 3652 1802 3741 optimamque
1834 3654 2160 3743 praebeat
2194 3673 2313 3731 ‚oc-

376 3768 791 3846 casionem,
857 3770 945 3824 ut
988 3775 1173 3843 opus
1236 3752 1481 3819 Studio
1535 3764 1755 3841 atque
1816 3775 2070 3824 amore
2115 3752 2314 3818 ince-

329 3880 585 3957 ‘ptum
619 3879 1063 3955 persequar,
1129 3852 1282 3940 jam
1318 3852 1463 3940 sic,
1518 3852 2144 3941 quemadmodum
2189 3873 2311 3918 an·-
