2516 4231
1085 178 1518 242 ..14-

716 375 798 432 Et
830 372 922 433 hae
952 374 1179 451 species
1211 393 1416 435 omnes
1438 381 1498 433 et
1523 377 1591 432 T.
1606 375 1905 443 junceum
1930 375 2154 450 partim
2186 376 2265 436 nd

592 478 890 539 Balticum
914 478 1137 554 partim
1166 480 1242 538 ad
1262 478 1687 539 Germanicum
1716 496 1882 534 mare
1913 472 2271 559 deprehen—

595 584 844 642 duntur.
939 583 1084 641 Post
1130 590 1366 640 autem
1359 600 1558 658 quam
1607 581 1745 657 plus
1796 581 2088 656 temporis
2117 580 2262 638 huic

588 686 812 764 plantae
858 686 1125 745 colendae
1175 684 1399 745 dedero
1415 727 1439 757 ,
1485 685 1633 763 quid
1680 686 1755 744 de
1798 704 1869 743 ea
1902 683 2259 760 existimem,

590 790 926 867 explicabo·
1027 873 1030 877 .

303 902 431 970 59.
486 896 795 965 Lolium
836 917 1153 965 arven-se
1190 912 1443 964 WITH.
1575 988 1578 991 -

329 1023 430 1089 60.
482 1018 879 1087 Hordeum
903 1027 1277 1109 pratense
1307 1036 1540 1084 HUDs.

328 1142 428 1208 61.
482 1138 880 1206 Hordeum
915 1136 1389 1222 maritimum
1414 1120 1692 1205 WITH}

709 1259 785 1316 In
815 1257 1077 1316 molibus
1113 1256 1481 1314 Germanico
1516 1255 1670 1314 mari
1705 1257 1998 1334 oppositis
2031 1256 2260 1316 Holsa-

581 1360 684 1418 tiae
740 1369 802 1417 et
833 1358 1081 1419 Slesvici
1100 1403 1121 1430 ,
1175 1379 1307 1438 quae
1350 1360 1595 1435 quidem
1623 1369 1886 1418 ‘accessu
1926 1370 1987 1419 et
2024 1381 2264 1419 recessu

584 1463 766 1520 maris
806 1463 1136 1521 alluuntur.
1226 1464 1307 1523 In
1334 1460 1685 1535 Ditmarsia,
1726 1462 2079 1537 Pellworm‚
2123 1466 2262 1521 Da—

586 1563 808 1644 gebiill,
839 1567 1097 1624 Husum.

709 1671 874 1728 Flor.
906 1660 1063 1757 Βὲιη.
1096 1672 1220 1730 tab.
1258 1671 1426 1736 1632
1456 1679 1517 1730 et
1549 1668 1725 1745 Engl.
1756 1668 1892 1727 bot.v
1914 1668 2040 1729 tab.
2074 1669 2259 1735 1205.

329 1783 433 1849 62.
458 1802 461 1813 ’
486 1773 960 1847 Rottboellia
1008 1776 1420 1845 incurvata
1449 1797 1527 1846 L.
1564 1795 1724 1844 Fu..

712 1894 883 1953 Flor.
912 1897 1071 1953 Dan.
1100 1897 1220 1955 tab.
1252 1898 1394 1969 938.
1781 1871 1799 1882 -

709 1998 785 2057 In
818 1997 1146 2073 pinguilms
1175 2001 1513 2076 argillaceis
1546 1999 1728 2058 maris
1761 2000 2109 2087 Germenici
2126 2022 2142 2074 3
2175 2002 2260 2064 sic

583 2099 870 2177 frequens
903 2111 991 2161 est
1019 2103 1086 2163 in
1110 2103 1310 2167 insula
1327 2104 1605 2181 Amrum‚
1644 2126 1759 2164 nec
1792 2125 1920 2164 non
1946 2082 2012 2167 ii:
2030 2109 2261 2167 Beens-

581 2204 791 2281 hallig.
1032 2209 1035 2214 ⁴

705 2309 851 2365 Mea
880 2308 1122 2384 quidem
1153 2307 1362 2388 plante
1394 2313 1528 2372 fere
1556 2313 1598 2377 6
1617 2322 1719 2372 aut
1737 2314 1777 2375 8
1795 2311 2051 2389 pollices
2079 2313 2261 2393 longa

582 2421 700 2489 est,
764 2411 977 2470 stricta
1021 2422 1083 2470 et
1115 2416 1316 2471 tenuis
1330 2457 1347 2486 ‚
1409 2416 1737 2490 multisque
1779 2416 1962 2473 rebus
1997 2437 2033 2473 a
2066 2421 2259 2477 meri-

585 2516 817 2631 (11οὲιαί1
837 2516 1047 2593 planta
1075 2514 1344 2594 ejusdem
1375 2517 1634 2574 nominis
1659 2517 1929 2587 diversa3
1970 2520 2075 2577 sed
2107 2541 2259 2579 con-

582 2621 748 2696 gruit
775 2640 913 2678 cum
945 2641 1031 2694 ea,
1071 2639 1202 2697 quae
1233 2640 1270 2676 a
1290 2620 1418 2679 Cel.
1436 2619 1606 2718 Pros.
1626 2617 2077 2680 Schamacher
2058 2641 2123 2681 m
2154 2623 2260 2683 in-

579 2724 712 2781 sula
739 2722 971 2781 Amack
1005 2731 1067 2781 et
1112 2725 1191 2784 ad
1215 2723 1669 2800 Hofmansgave
1716 2743 1754 2781 a
1789 2723 1917 2783 Cel.
1948 2725 2257 2789 Hofman-

579 2826 798 2902 Bang'
779 2846 845 2884 1n
876 2826 988 2884 ins.
1023 2826 1218 2886 Fiona
1248 2829 1500 2888 inventa
1532 2836 1637 2887 est.

321 2939 422 3005 63.
472 2907 927 3002 Holosteum
956 2929 1455 3038 umbellatgcm
1486 2955 1561 3003 L.

1048 3236 1358 3324 Classis
1380 3240 1537 3332 IV«.

733 3390 802 3460 Τ
851 3390 913 3458 Ε
970 3389 1037 3458 Τ
1086 3390 1159 3457 R
1207 3386 1274 3457 A
1317 3390 1387 3458 N
1432 3389 1502 3459 D
1553 3393 1623 3460 R
1674 3393 1711 3461 I
1758 3390 1845 3460 A.

968 3521 1620 3631 Monogynia.

318 3673 423 3738 64.
483 3665 797 3736 Galium
828 3676 1154 3734 erectum
1187 3682 1422 3736 HUDS.

321 3792 424 3857 65.
487 3786 802 3855 Gellium
842 3788 1191 3877 spurium
1233 3806 1311 3855 L.
