2516 4231
1044 209 1437 271 -.5-.

536 403 869 477 distinctos,
903 404 1009 462 sed
1037 401 1101 460 in
1123 404 1348 462 ‘eodem
1377 411 1645 461 ramo-et
1676 402 1957 477 ampuUae
1987 412 2207 461 suntet

533 505 713 588 fol-ia.⁴
814 509 968 571 Tres
1010 506 1114 564 has
1160 509 1389 585 species
1435 526 1640 565 onmes
1690 526 1816 563 non
1857 506 2052 565 soluun
2089 526 2206 582 per

528 610 682 667 duos
723 629 910 667 annos
954 611 1064 667 sub
1111 612 1254 670 divo
1294 610 1668 683 observavi„
1695 609 1800 667 sed
1829 631 1910 669 ex
1939 613 2203 686 gemmiS,

528 713 836 771 mensibus
862 714 1205 773 Novembri
1236 725 1297 774 et
1320 712 1651 774 Decembri
1687 711 1953 772 collectis
1973 757 1993 783 ,
2038 715 2204 772 domi

528 827 830 893 perpetuo
889 828 1187 876 recentes*
1218 819 1454 894 plantas
1514 815 1729 890 elicui,
1819 835 1947 892 quae
2001 826 2206 876 tamen

504 921 712 978 -flores
759 920 962 978 nullos
1008 921 1351 980 ed-iderunt.
1468 922 1759 980 Ceterum
1807 920 2067 996 Hayneo
2099 920 2205 979 has

527 1043 784 1100 gemmas
871 1023 1234 1100 propagines
1319 1026 1565 1085 vocanti
1655 1022 1901 1090 omniuo
2001 1044 2205 1082 assen-

526 1129 685 1202 tior,
765 1127 905 1204 quia
921 1172 938 1200 ,
993 1127 1158 1205 quod
1223 1148 1456 1187 summa
1496 1147 1635 1186 cum
1673 1125 1894 1184 fiducia
1951 1136 2208 1186 conten-

492 1222 679 1289 {iere
760 1250 1034 1307 possum,
1133 1231 1317 1307 plane
1378 1254 1415 1289 a
1484 1241 1679 1294 matre
1756 1228 2204 1308 disjunguntur.

527 1334 641 1393 Est
685 1343 885 1393 autem
943 1332 1071 1393 haec
1131 1337 1490 1413 propagatio
1534 1337 1601 1396 in
1644 1333 1934 1411 aquaticis
1984 1333 2208 1410 plantis

525 1438 719 1497 multo
758 1437 1161 1514 frequentior,
1201 1459 1379 1516 quam
1411 1440 1593 1516 vulgo
1627 1447 1862 1516 putant.
1960 1439 2100 1514 Qua
2132 1438 2209 1496 de

527 1540 759 1601 re—aliis
788 1541 939 1599 locis
958 1584 978 1611 ,
1022 1552 1093 1601 ut
1142 1544 1209 1602 in
1263 1546 1715 1623 Myrioplzyllo,
1764 1542 2210 1618 Ceratoplzyllo,

525 1645 984 1722 Hydrocharite
997 1689 1017 1716 ,
1064 1648 1324 1707 Lobelc‘a
1339 1693 1360 1720 ,
1420 1652 1660 1715 Lemna
1693 1655 1806 1707 cet.
1832 1644 2058 1704 similes
2089 1644 2207 1701 ob-

452 1796 459 1803 .
525 1751 901 1808 servationes
933 1768 1295 1827 proponam.
1492 1742 1502 1752 ⁶

913 2066 1281 2192 §Classis
1335 2108 1495 2240 lII.

701 2255 770 2335 T
836 2256 911 2327 R
969 2256 1006 2325 I
1065 2251 1131 2321 A
1192 2253 1263 2322 N
1325 2253 1395 2323 D
1460 2257 1533 2324 R
1593 2256 1630 2325 I
1693 2249 1780 2323 A.

912 2374 1561 2484 Monogynia·

268 2545 389 2612 1o.·
430 2535 867 2612 Valeriana
917 2537 1300 2629 sylvatica
1356 2555 1735 2605 scHMID‘r.

593 2649 606 2663 ⁶
653 2656 927 2715 Schmidt
964 2658 1153 2716 Flora
1186 2657 1455 2716 Boe'mic.
1494 2656 1667 2714 Cent.
1702 2655 1761 2720 2.
1798 2655 1920 2713 No,
1953 2653 2094 2715 102.

648 2764 737 2821 V.
774 2760 925 2820 Pha
956 2762 1200 2840 Hoppe.
1236 2760 1575 2821 Taschenb.
1610 2761 1790 2823 1801.
1821 2777 1954 2838 pag·
1984 2759 2082 2823 91-

659 2863 809 2922 Non
853 2864 992 2922 satis
1033 2864 1261 2941 liquet,
1318 2875 1526 2924 utrum
1561 2863 1687 2924 haec
1720 2862 2037 2942 propriam
2071 2882 2214 2938 spe-

532 2965 688 3024 ciem
718 2967 965 3041 efficiat,
1027 2988 1104 3026 an
1133 2968 1535 3026 existimanda
1549 2970 1643 3028 xsit
1677 2989 1805 3028 esse
1842 2970 2100 3027 varietas
2137 2973 2213 3028 V.

534 3071 755 3128 dioicoe
772 3114 792 3140 ,
853 3092 889 3129 a
924 3091 1042 3148 qua
1074 3081 1134 3130 et
1165 3072 1399 3148 duplici
1430 3072 1843 3148 magnitudine
1874 3081 1935 3136 et
1965 3071 2217 3130 herma-
2279 3119 2281 3122 .

534 3172 839 3250 phroditis
868 3176 1128 3235 floribus
1155 3185 1216 3235 et
1247 3175 1417 3235 foliis
1450 3176 1721 3250 caulinis,
1769 3196 1899 3254 quae
1934 3176 2103 3234 foliis
2134 3182 2212 3238 V.

508 3278 878 3355 ‘officinalis
907 3279 1088 3355 plane
1123 3281 1341 3339 similia
1369 3290 1543 3354 sunt,
1586 3279 1969 3339 discernitur.

662 3382 894 3459 Reperi
921 3403 1051 3442 eam
1074 3386 1141 3444 in
1157 3383 1464 3461 paludosis
1479 3384 2033 3443 Piinsdorfensibus
2054 3387 2218 3462 apud

537 3485 886 3563 Itzehoam,‘
928 3497 990 3548 et
1018 3491 1097 3549 ad
1129 3484 1610 3567 Schlagsbriicke
1640 3508 1835 3564 prope
1867 3489 2215 3549 Ratzebur-

531 3610 690 3666 gum.

268 3702 371 3765 11.
424 3695 672 3763 Feclia
718 3698 1040 3768 dentata
1088 3701 1338 3771 VAHLL

268 3823 369 3887 12.
427 3814 807 3887 Schoenus
839 3823 1122 3910 fuscus
1174 3843 1245 3891 L.
