2516 4231
1096 191 1487 258 ..2-

589 399 745 458 Sem.
776 394 821 460 2
848 413 909 472 p.
948 389 1074 457 210
1097 389 1165 448 in
1193 385 1520 466 peregrina
1557 379 1757 462 specie
1803 381 1867 442 S.
1902 376 2264 438 strobilacea

585 498 923 578 descripsit.

1056 832 1388 947 Classis
1422 851 1541 945 II.
1643 924 1654 932 ‚⁴

831 1028 901 1097 D
962 1026 997 1094 I
1058 1022 1250 1093 AN
1311 1023 1381 1092 D
1450 1021 1521 1088 R
1584 1018 1619 1086 I
1685 1010 1768 1084 A.

980 1168 1096 1252 M
1102 1160 1535 1273 onogyni
1550 1183 1622 1265 a.

330 1332 392 1397 2.
445 1322 782 1416 Syringa
836 1322 1186 1415 vulgaris
1234 1321 1331 1388 L*

331 1468 393 1531 3.
457 1457 746 1526 Circaea
798 1456 1078 1548 alpina
1129 1475 1202 1522 L.

723 1577 792 1636 C.
810 1576 998 1635 Caule
1016 1571 1414 1667 glaberrimo2
1440 1565 1610 1627 foliis
1643 1558 1906 1623 cordatis
1924 1551 2281 1635 acuminatis

601 1681 895 1755 dentatis,
943 1676 1201 1756 capsulis
1236 1673 1503 1756 clavatis.

725 1788 845 1844 Per
858 1793 984 1842 tres
997 1784 1271 1840 Ducatus
1287 1797 1490 1836 omnes
1505 1766 1993 1849 frequentissima
2007 1763 2074 1820 in
2089 1759 2281 1820 humo

597 1889 926 1947 frondacea
952 1887 1264 1962 sylvarum
1294 1879 1613 1958 majorum.

726 1990 1052 2055 Delineata
1084 1994 1177 2044 'est
1197 1981 1641 2067 ‘accuratissime
1655 1979 1735 2037 in
1752 1976 1874 2034 tab.
1904 1972 2065 2041 1321
2082 1969 2286 2028 Florae

599 2097 759 2158 Dan.
1130 2165 1141 2174 ι

733 2198 860 2276 Qui
886 2216 1087 2276 nuper¹
1114 2194 1477 2267 voluerunt,
1509 2189 1666 2248 hanc
1696 2207 1826 2245 non
1856 2203 1983 2245 esse
2002 2181 2285 2260 speciem,

603 2303 713 2362 sed
756 2302 1115 2366 varietatem
1159 2308 1505 2356 montanam
1552 2297 1616 2353 Ο.
1652 2294 1968 2350 latetianoe
1979 2332 2000 2359 ,
2057 2288 2130 2345 iis
2158 2308 2291 2346 non

606 2404 934 2477 assentior3
973 2403 1379 2466 nam,fructus
1410 2402 1473 2457 C'.
1506 2401 1820 2456 lzctetianoe
1851 2394 1912 2450 id
1942 2392 2062 2448 sibi
2090 2411 2289 2466 pecu-

603 2512 760 2569 liare
805 2507 1067 2582 habent,
1121 2506 1286 2584 quod
1328 2512 1469 2563 sunt
1519 2502 1718 2560 forma
1754 2492 2287 2568 ovato—globosa3

604 2636 684 2673 ne
715 2610 960 2672 afferam
993 2619 1194 2669 cetera
1226 2609 1463 2684 omnia,
1506 2585 1722 2683 quibus
1753 2599 2036 2686 differant
2079 2595 2291 2663 flores,

606 2717 792 2790 folia,
853 2715 1151 2782 universae
1180 2689 1441 2791 denique
1473 2709 1699 2789 plantae
1731 2711 2059 2766 structura.
2152 2701 2291 2759 Jam

608 2840 760 2881 vero
796 2820 848 2876 si
882 2818 1060 2876 clima
1111 2816 1437 2908 effecisset,
1500 2823 1571 2873 ut
1602 2833 1681 2871 ex
1712 2814 1779 2871 G.
1825 2811 2125 2867 lutetiam
2170 2824 2293 2861 va-

609 2925 830 2984 rietate
886 2922 1140 3001 quadam
1192 2920 1481 2980 existeret
1535 2920 1600 2977 G.
1651 2918 1906 2994 alpina,
1982 2910 2130 2987 quid
2179 2919 2294 2985 est,

608 3028 774 3109 quod
814 3026 908 3087 hae
940 3028 1091 3087 duae
1131 3026 1236 3086 vel
1274 3033 1402 3083 tres
1446 3021 1676 3100 species
1718 3018 1881 3096 apud
1909 3036 2021 3074 nos
2056 3034 2178 3073 una
2208 3034 2295 3073 ex

533 3181 540 3187 .
608 3134 822 3193 eodem
851 3131 983 3214 solo
1014 3128 1384 3190 nascantur?

314 3255 405 3350 Φ4.
464 3247 753 3330 Circaea
798 3247 1250 3319 intermedia
1300 3264 1552 3316 Emm-

735 3367 923 3444 Apud
947 3386 1060 3426 nos
1090 3386 1206 3443 per
1236 3375 1366 3426 tres
1398 3367 1673 3425 Ducatus
1702 3379 1909 3419 omnes
1934 3356 2133 3431 obvia,
2168 3356 2299 3412 mi-

607 3490 725 3531 nus
753 3481 958 3530 tamen
982 3469 1273 3548 frequens
1304 3489 1481 3548 quam
1507 3476 1767 3544 utraque
1793 3464 2198 3541 superiorum.

737 3574 1065 3653 Specie-sne
1115 3576 1196 3633 sit
1234 3574 1363 3635 haec
1404 3574 1647 3653 planta,
1699 3591 1780 3630 an
1812 3569 1995 3627 modo
2029 3566 2301 3625 varietas

615 3679 972 3740 alterutrius
1002 3680 1390 3757 superiorum
1410 3724 1427 3755 ‚
1468 3698 1631 3738 nunc
1658 3677 1726 3736 in
1754 3673 1955 3752 medio
1984 3673 2299 3757 relinquo.

610 3784 824 3844 Flores
869 3781 1127 3863 majores
1173 3795 1313 3843 sunt
1327 3829 1346 3861 ‚
1409 3802 1588 3862 quam
1626 3782 1810 3856 flores
1854 3783 1917 3841 C'·
1956 3780 2306 3848 lutetianae,
