2516 4231
1077 178 1472 241 ...¹7-

645 370 713 453 2)
746 371 1028 447 Vaginae‚
1094 389 1225 447 quae
1266 370 1608 432 culmorum
1650 372 1823 432 bases
1856 371 2240 447 amplectun-

735 485 874 549 tur,
957 484 1099 532 sunt
1160 483 1460 537 truncatas
1480 521 1504 551 a
1575 477 1914 537 lateraliter
1959 475 2234 551 apicula—

740 587 837 650 tae,
869 577 1087 635 validis
1118 579 1325 636 nervis
1368 579 1678 637 instructae
1691 622 1713 649 ,
1754 581 2040 656 interque
2079 598 2231 638 ner-

736 701 847 739 vos
902 684 1108 759 parvis
1147 683 1391 760 punctis
1435 682 1643 742 rubris
1678 682 2080 741 eminentibus
2127 680 2230 741 di-

732 784 983 844 stinctae.

638 886 704 967 3)
738 888 913 965 Spica
926 892 1110 967 magis
1126 892 1463 968 pauciflora
1479 900 1540 950 et
1556 890 1716 967 laxa,
1743 910 1920 968 quam
1937 892 2004 949 in
2022 895 2083 951 S.
2097 913 2230 969 pa-

727 992 915 1049 lustri
927 1014 954 1065 ;
997 994 1244 1053 densior
1268 1006 1475 1055 tamen
1497 1016 1676 1074 quam
1697 995 1764 1054 in
1779 998 1842 1054 S.
1851 998 2221 1072 pauccfloro.

624 1092 692 1176 4)
729 1096 999 1172 Squamae
1032 1098 1410 1174 angustiores
1443 1098 1748 1177 magisque
1782 1097 2012 1156 obtusae
2050 1117 2226 1175 quam

723 1200 791 1257 in
825 1203 886 1258 S.
913 1202 1210 1276 palustri.

626 1299 693 1383 5)
727 1302 941 1363 Infima
988 1324 1404 1382 squamarum,
1477 1327 1609 1386 quae
1637 1306 1867 1385 spicam
1900 1300 2228 1387 amplectiss

713 1416 848 1482 tur,
892 1409 1064 1486 apice
1096 1419 1186 1467 est
1220 1408 1613 1488 emarginatO.

621 1509 688 1592 6)
726 1512 978 1589 Semper
1019 1509 1204 1573 habet
1250 1515 1374 1573 tria
1401 1512 1711 1629 stigmata,
1760 1532 1881 1592 qua
1908 1531 1981 1571 re
2012 1509 2225 1568 similis

717 1626 808 1674 est
839 1619 902 1675 S.
927 1604 1301 1696 paucisloro.

618 1717 687 1800 ’7)
719 1721 960 1778 Semina
989 1730 1165 1796 sunt,
1215 1723 1663 1798 propemodum
1693 1730 1764 1778 ut
1790 1720 1859 1776 in
1892 1720 1954 1776 S.
1987 1719 2222 1792 pauci-

703 1826 874 1899 floro
891 1865 911 1892 ,
959 1823 1361 1898 triangularia
1377 1866 1397 1892 ,
1459 1822 1813 1898 angustiora
1842 1839 2020 1896 quam
2031 1819 2112 1879 jn
2133 1822 2218 1878 ¹S.

654 1968 657 1971 Ἴ
705 1929 1010 2004 palustri,
1055 1926 1251 1985 nitida
1278 1925 1669 2004 atqueeaesio
1702 1925 1931 1999 colore,
1975 1921 2222 1998 perspi-

715 2031 831 2091 cua
873 2031 1026 2106 styli
1069 2031 1200 2090 basi
1236 2031 1416 2107 nigra
1450 2040 1511 2089 et
1541 2029 1801 2089 bulbos&
1814 2071 1836 2098 ,
1881 2026 2025 2086 setis
2056 2045 2218 2084 non-

714 2135 903 2192 nullis
926 2136 1239 2212 ·asperulis
1273 2145 1333 2193 et
1362 2134 1547 2192 fuscis
1578 2133 1967 2193 circumdata.

654 2236 829 2295 Certi
858 2236 1017 2296 nihil
1044 2238 1224 2298 citari
1253 2247 1494 2314 potest,
1529 2237 1649 2295 nisi
1667 2233 1863 2296 Smith
1878 2234 2212 2311 Compeud.

526 2341 696 2399 Flor.
727 2341 882 2400 Brit.
918 2361 979 2419 Ρ.
1013 2342 1075 2408 9.
1106 2351 1171 2402 et
1201 2340 1456 2420 English
1484 2343 1670 2401 Flora
1694 2343 1756 2402 I..
1776 2361 1836 2419 p·
1869 2336 1980 2404 64..

263 2492 366 2558 15.
414 2481 732 2575 Scirpus
786 2473 1204 2574 uniglumis
1252 2502 1481 2552 LINK.

534 2645 547 2666 ⁷.
650 2601 725 2660 In
737 2600 1019 2659 Holsatia
1039 2611 1099 2660 et
1115 2602 1385 2662 Slesvico
1406 2604 1483 2672 ad
1497 2603 1644 2661 litus
1660 2603 1977 2660 marinum.
2030 2600 2215 2659 Non-

528 2707 674 2766 ‹lum
690 2702 845 2762 hanc
861 2714 1148 2783 tanquam
1182 2706 1502 2785 propriam
1530 2706 1790 2784 speciem
1820 2706 1949 2764 siue
1969 2702 2216 2761 dubita-

524 2810 694 2867 tione
711 2808 1030 2868 admittere
1045 2830 1309 2888 possum,
1336 2831 1467 2889 quae
1482 2811 1738 2870 nimium
1754 2813 1815 2870 S.
1824 2810 2104 2888 palustri
2119 2805 2218 2862 af-

529 2911 668 2969 finis
683 2931 807 2970 esse
822 2911 973 2970 mihi
988 2915 1288 2974 videatur.
1342 2917 1452 2975 Est
1467 2916 1590 2974 haec
1604 2915 1831 2993 planta,
1860 2912 2066 2991 quaein
2084 2911 2215 2969 col-

530 3012 895 3077 lectionibus
946 3018 1133 3093 vulgo
1186 3017 1477 3078 definitur
1505 3020 1753 3078 nomine
1792 3022 1852 3077 S.
1883 3017 2216 3073 multicau-

529 3119 629 3175 lis.
674 3111 687 3122 ’
735 3119 1061 3178 Delineata
1101 3130 1193 3179 est
1236 3122 1304 3178 in
1344 3123 1513 3181 Flor.
1561 3126 1721 3183 Dan.
1750 3120 1873 3180 tab·
1907 3119 2062 3193 167,
2107 3117 2219 3176 ubi

527 3232 786 3280 vocatur
831 3226 891 3281 S.
931 3227 1268 3283 anicularis
1284 3248 1307 3297 ;
1352 3237 1611 3303 suntque
1652 3225 1995 3303 antiquiora
2021 3242 2215 3301 syno-

525 3336 746 3405 nyma:
807 3328 867 3385 S.
916 3330 1314 3413 multia-ulvis
1340 3329 1759 3389 Hornemann.
1831 3327 2214 3390 'Plantelaere

528 3434 620 3492 cd.
655 3433 700 3495 2
729 3452 789 3510 Ρ.
823 3428 904 3495 41
938 3442 999 3492 et
1043 3436 1102 3493 S.
1153 3415 1355 3493 tenuis
1405 3425 1724 3493 Schreber.
1772 3434 1941 3494 Flor.
1988 3435 2215 3493 Erlan-

514 3556 688 3613 gens.
717 3557 778 3615 Ρ.
816 3537 955 3605 159·

259 3680 363 3748 16.
413 3675 733 3770 Scirpus
784 3690 1060 3747 ovatus
1090 3699 1333 3751 Ro'rH.
1423 3749 1436 3762 ,

652 3796 942 3860 Pluribus
975 3799 1125 3860 locis
1164 3819 1281 3881 pei
1314 3802 1474 3864 Duc.
1491 3754 1863 3879 Lauenburg
1900 3807 1961 3859 et
1992 3795 2222 3858 Holsa-

2149 4083 2238 4127 ,ἐ
