2516 4231
1087 191 1523 254 ...12-

601 388 836 466 quitur,
882 385 1147 463 speciem
1179 387 1527 464 pertinere,
1574 385 1706 444 veri
1741 374 2113 445 simillin'ium
2163 400 2283 447 est:

607 511 746 550 nam
799 500 1033 549 certum
1082 510 1211 550 esse
1274 511 1401 550 non
1441 490 1612 564 dico,
1677 510 1812 546 cum
1870 490 1940 549 in
1995 490 2283 551 herbario

601 593 869 657 VVeberi
910 593 1260 653 inveniatur
1277 639 1294 669 ‚
1374 593 1619 653 nomine
1654 596 1732 652 A.
1770 596 2283 672 Calamagrostis,

598 700 674 758 ab
719 696 1031 757 Ehrharto
1084 698 1244 756 circa
1285 696 1600 774 Upsaliam
1655 695 1841 768 lecta3
1921 698 2051 774 ipse
2081 708 2285 758 autem

598 801 940 865 Ehrhartus
974 811 1188 879 postea
1215 803 1299 860 A.
1331 802 1666 878 neglectam
1695 801 2032 860 vocaverit.
2227 794 2232 805 ’

339 932 443 998 30.
499 923 824 998 Arundo
870 923 1144 991 stricta
1191 942 1434 991 ΤῙΜΜ.

731 1043 885 1103 Satis
898 1042 1185 1119 frequens
1203 1041 1271 1101 in
1285 1043 1443 1100 Duc.
1464 1040 1835 1116 Lauenburg
1854 1042 2189 1116 praesertim
2205 1044 2284 1101 ad

602 1148 832 1206 flumen
861 1147 1196 1207 Wacknitz
1215 1192 1232 1222 ,
1298 1146 1480 1207 etiam
1511 1144 1579 1204 in
1612 1145 1898 1203 orientali
1939 1127 2001 1206 ei}
2031 1158 2283 1224 septen-

600 1249 857 1310 trionali
890 1252 1176 1311 Holsatiae
1204 1261 1398 1329 parte.

694 1354 894 1413 ·Flor.
926 1356 1085 1413 Dan.
1118 1356 1239 1413 tab.
1279 1356 1460 1418 1803.

725 1462 1023 1537 Agrestis
1074 1470 1387 1514 coarctata
1431 1456 1837 1516 Schumaclxer
1860 1502 1878 1531 ,
1926 1459 2278 1516 Enumerat-

604 1558 803 1620 Plant.
844 1563 966 1620 Nc.
1000 1561 1100 1624 68.
1130 1580 1241 1618 nec
1270 1559 1463 1619 Ehrh.
1500 1580 1609 1618 nec
1642 1562 1870 1620 Hofl'm.

341 1694 444 1760 31.
508 1685 829 1759 Arunda
870 1682 1160 1751 baltica
1190 1700 1541 1750 FLUEGG.

692 1850 699 1862 .
733 1806 817 1863 A.
848 1806 1168 1861 maritima
1190 1800 1464 1877 Agardh,
1512 1802 1581 1859 in
1605 1800 1793 1882 Flora
1823 1798 1986 1866 1824
2002 1847 2019 1878 ,
2048 1805 2168 1862 No.
2197 1801 2282 1865 36

601 1928 734 1990 pag.
771 1905 893 1971 561
920 1952 937 1982 ,
983 1906 1101 1966 fide
1133 1907 1305 1983 Spec.
1334 1906 1638 1966 Auctoris,

730 2013 1044 2089 Frequens
1089 2010 1166 2068 ad
1214 2028 1381 2085 mere
1426 2008 1728 2068 Balticum
1766 2031 1801 2068 a
1849 2005 2279 2069 Travemiinde

605 2139 798 2197 usque
840 2117 916 2175 ad
948 2113 1173 2188 Alsen3
1232 2114 1415 2173 etiam
1451 2113 1519 2171 in
1543 2113 1765 2173 ·multis
1806 2114 1955 2175 locis
1985 2130 2280 2195 perquam

602 2223 895 2308 vulgaris.
1527 2257 1532 2264 ·

724 2325 892 2382 Flor.
931 2325 1088 2381 Dan.
1119 2323 1246 2382 tab.
1282 2319 1463 2386 1684.

726 2426 1231 2504 Deprehenditur
1256 2425 1438 2483 etiam
1469 2425 1547 2482 ad
1573 2444 1739 2483 mare
1758 2417 2187 2487 Germanicum
2209 2430 2277 2488 in

600 2531 802 2593 Dunis
832 2526 906 2609 (oz
950 2529 1224 2609 syrtibus
1251 2526 1544 2609 arenosis)
1577 2530 1654 2587 ad
1679 2530 2062 2606 Eyderstaedt
2078 2550 2096 2604 3
2143 2553 2275 2608 quae
2338 2585 2345 2593 .

599 2637 810 2713 planta
855 2647 1061 2695 tamen
1126 2632 1442 2692 nonnullis
1483 2633 1761 2711 partibus
1805 2655 1842 2692 a
1890 2634 2114 2696 baltica
2162 2637 2276 2697 illa

605 2738 914 2798 abhorret.

341 2867 445 2932 32.
494 2856 825 2931 Arundo
845 2834 1294 2950 festuca-eea
1329 2851 1635 2930 WILLD.

728 2982 996 3038 Festum
1028 2981 1247 3039 elatior
1276 2983 1525 3042 Svensk.
1555 2982 1681 3040 bot.
1722 2982 1844 3041 tab.
1877 2981 2016 3045 370.

723 3084 826 3144 Ad
859 3086 1150 3145 Eidoram
1184 3086 1440 3146 fluvium
1473 3086 1637 3163 apud
1669 3088 1937 3146 canalem
1964 3084 2272 3164 lapideum

604 3188 1116 3267 (Steinschleuse)
1154 3208 1348 3267 prope
1382 3192 1890 3270 Fridericopolin.

339 3315 445 3380 33.
500 3308 728 3399 Stipa
757 3323 1111 3404 pennata
1147 3332 1220 3379 L.

336 3432 438 3500 34.
489 3429 869 3499 Panicum
900 3429 1449 3501 verticillatum
1479 3452 1554 3500 Ι..

334 3556 436 3620 35.
485 3551 865 3620 Panicum
872 3554 1237 3645 glaucum
1266 3570 1340 3619 Ι..
1421 3613 1436 3625 ,

218 3682 222 3686 ’
333 3674 439 3739 36.
491 3668 697 3738 Ait-a
729 3674 1018 3762 glauca
1048 3692 1381 3741 SPRENG.

332 3794 434 3859 37.
487 3788 775 3859 Melica
818 3791 1155 3884 uniflora
1189 3814 1421 3866 RETz.
