2516 4231
1049 196 1281 256 XXIII

191 396 393 478 vam,
439 384 811 484 atriplex
842 386 1462 482 portulae-eides,
1498 388 2132 481 pedunoulatum,

197 492 426 559 litora
438 493 530 573 le,
581 491 980 566 hastatum
989 539 1014 572 ,
1063 488 1523 565 laciniatum
1535 537 1559 571 ,
1581 530 1588 539 ·
1612 488 2132 565 Sacicorniam

193 589 697 670 radicantem,
752 586 1105 678 ὅοίιΡωη
1130 587 1519 678 glaucum,
1574 588 1863 674 rufum,
1910 609 2131 683 pun-

172 699 505 786 gentem,
554 686 1033 757 Arundinem
1063 687 1550 767 arenariam,
1588 685 1909 755 Phleum
1947 707 2130 759 are-

193 788 527 867 narium,
596 786 952 873 Elymum
992 783 1476 867 arenarium,
1524 782 1924 855 Hordeum
1949 808 2131 853 ma·-

196 886 597 966 ritimum,
626 883 995 952 Triticum
1008 906 1408 975 junceum,
1463 881 1835 956 Kochiam
1865 883 2134 950 hirszt-
2209 906 2216 912 ·

201 997 385 1070 tam,
424 984 701 1063 Betam
727 982 1224 1062 maritimam,
1241 981 1728 1074 Bapleurum
1765 980 2134 1053 tenuissi-

194 1107 422 1169 mum,
470 1079 944 1162 Arenariam
981 1081 1338 1167 mediam,
1379 1079 1843 1172 peploidem,
1892 1076 2138 1170 Lepi-

199 1183 412 1249 dium
449 1179 898 1266 latif'oliwn,
934 1177 1309 1253 Sonclzum
1327 1179 1786 1269 palustrem,
1818 1175 2141 1247 Althoe-

200 1304 343 1347 am
340 1277 841 1368 officinalem‚
869 1274 1370 1345 Artemisiam
1395 1276 1891 1360 maritimam,
1917 1268 2033 1345 H1
2025 1300 2139 1367 Ρ-

190 1352 568 1474 ΡοΡῘιᾳὲη
597 1372 1140 1460 rlzamuoidem,
1168 1375 1728 1447 Zaniclielliam
1757 1377 2140 1468 polycar-

189 1499 389 1570 pam
423 1485 494 1541 et
523 1474 1020 1560 maritimam,
1072 1475 1453 1565 Nayaclem
1471 1498 1900 1556 marinam,
1951 1484 2092 1541 cet.

203 1637 212 1643 .
402 1574 659 1644 Lacus:
677 1571 913 1641 nostri
933 1572 1463 1661 pulcherrimis
1481 1572 2141 1663 plantisaquaticis

204 1671 413 1762 pleni
466 1685 688 1758 sunt,
761 1694 1080 1760 quarum
1137 1671 1493 1740 duntaxat
1541 1672 1943 1741 nominabo
1993 1672 2140 1739 duo

157 1813 162 1817 -
205 1773 339 1840 illa
375 1770 694 1862 insignia
742 1791 1018 1861 genera
1067 1771 1686 1860 Potamogetonis
1733 1784 1811 1837 et
1844 1771 2142 1851 Charoe,

209 1893 372 1962 quae
427 1882 543 1937 tot
589 1869 870 1958 species
938 1867 1570 1956 amplectuntur,
1611 1879 1778 1937 tum.
1824 1868 2143 1936 Cerata-

201 1971 571 2064 plzyllum
628 1970 1044 2040 demersum
1088 1987 1173 2035 ac
1219 1966 1683 2043 submersu-m
1729 1979 1806 2047 et
1832 1967 2146 2040 Alisma

209 2081 559 2144 natans

218 2229 219 2234 ,
411 2171 592 2237 Haec
641 2166 947 2258 nomina
993 2137 1350 2236 scribenti
1405 2165 1487 2240 in
1539 2180 1875 2252 mentem
1918 2165 2146 2254 venit,

213 2264 495 2332 tirones
525 2286 867 2351 monere,
923 2277 1022 2330 ut
1043 2266 1379 2334 animum
1419 2290 1643 2356 quam
1676 2267 2000 2335 maxime
2028 2266 2152 2332 ad-

213 2377 509 2433 vertant
545 2376 619 2431 et
652 2363 743 2432 ad
773 2365 1015 2436 solum
1050 2386 1132 2431 ac
1161 2366 1311 2444 loci
1346 2380 1736 2454 naturam,
1787 2368 1918 2435 ubi
1958 2389 2153 2455 quae-

213 2490 361 2556 que
374 2465 647 2554 plantae
660 2458 1089 2552 nascantur,
1129 2467 1203 2533 e't
1219 2464 1311 2543 ad
1324 2489 1489 2534 eam
1504 2466 1843 2555 plurium
1866 2468 2153 2555 planta-

211 2589 386 2635 rum
405 2563 858 2651 societatem,
896 2566 1343 2655 quasoleant
1369 2565 1834 2651 conjunctim
1873 2585 2156 2633 cresce-

215 2688 347 2734 re..-
388 2664 477 2738 Id
507 2663 641 2752 qui
671 2662 958 2751 fecerit,
994 2687 1184 2738 nova
1201 2666 1444 2738 multa
1472 2664 1827 2752 inveniet,
1851 2688 2012 2756 quae
2031 2665 2158 2731 vix

216 2764 376 2854 ipse
436 2764 908 2851 exspectavit.
966 2766 1070 2833 Ac
1098 2787 1195 2834 ne
1230 2764 1394 2853 quis
1415 2765 1583 2832 -haec
1617 2764 1874 2853 aliter,
1933 2778 2156 2853 atque

216 2864 379 2950 ipse
396 2863 601 2947 vo10,
632 2861 1029 2974 intelligat,
1061 2866 1402 2953 exempla
1420 2866 1785 2934 nonnulla
1814 2866 2156 2944 afferam.

217 2962 311 3037 In
360 2959 669 3030 lacubus
733 2960 799 3027 si
850 2961 1228 3030 invenitur
1276 2963 1601 3052 quelia
1658 2963 2159 3049 Dortmanni‚

216 3061 336 3129 hae
369 3060 667 3149 plantae
698 3059 1007 3127 comites
1046 3045 1301 3128 adesse
1352 3055 1632 3130 solent:
1699 3065 1983 3131 Isoe‘tes
2031 3064 2161 3130 la-

210 3159 539 3244 eastris,
586 3159 972 3240 Litorella
1022 3160 1423 3239 lacustri3‚
1477 3163 1987 3229 Ranunculus
2034 3185 2164 3231 re-

207 3271 479 3353 ptans,
502 3256 1299 3350 Subulariaaquatica
1323 3259 1784 3348 (observante
1812 3260 2158 3355 Oedero),

225 3358 597 3448 Conferva
641 3358 1150 3451 oegagropila.
1260 3358 1374 3428 Ad
1421 3357 1600 3426 litus
1650 3361 1734 3434 in
1780 3361 2161 3449 paludosis

219 3458 508 3525 Juneus
574 3457 1031 3525 maritimus
1074 3478 1270 3546 saepe
1330 3457 1954 3547 deprehenditur
1984 3483 2161 3534 cum

179 3559 187 3566 ’
228 3555 622 3626 Oenanthe
659 3557 1269 3647 megapolitana,
1308 3559 1576 3628 Carice
1597 3574 1928 3644 extensa,
1944 3562 2159 3656 Ery-

226 3656 477 3723 tlzraea
516 3654 836 3722 literali.
939 3655 1030 3722 In
1079 3655 1375 3724 ericetis
1410 3658 1788 3747 paludosis
1816 3662 2159 3729 Exacum

201 3745 581 3844 filiforme
616 3749 785 3821 fere
836 3776 1132 3844 semper
1198 3778 1375 3824 cum
1422 3759 1661 3828 June-0
1734 3760 2156 3851 Tenageia,

231 3851 688 3934 Centunculo
703 3853 1040 3939 minime,
1061 3855 1403 3938 End-iola
1419 3859 1911 3951 millegrana,
1946 3859 2157 3928 Gen-
