2516 4231
1081 183 1475 243 ...3-

569 381 713 437 tiam
746 377 815 433 in
846 374 1094 453 piscinis
1125 396 1279 453 aqua
1307 375 1527 433 vacuis.

696 481 865 539 mor.
897 465 1056 538 Dalm.
1091 478 1213 538 tab.
1246 481 1427 542 1801.

312 591 416 656 17.
469 582 785 678 Scirpus
835 607 1087 667 nanus
1140 604 1470 652 SPRENG.

701 705 868 763 Raro
899 704 966 761 in
994 705 1153 762 Duc.
1187 703 1579 778 Lauenburg.

706 808 964 867 obtinet
990 806 1260 867 medium
1290 808 1495 866 locum
1524 807 1688 865 inter
1721 809 1782 864 S.
1803 805 2163 880 fluitantem
2194 808 2257 859 et

577 914 977 984 acicularem,
1028 911 1147 969 nisi
1182 910 1349 988 quod
1382 909 1622 969 fructus
1668 910 1809 968 setis
1853 906 2258 965 circumdatus

578 1023 708 1084 est,
745 1035 875 1093 quae
905 1024 1046 1074 setae
1080 1017 1142 1073 S.
1175 1016 1466 1090 fluitanti
1495 1014 1744 1084 desunt,
1789 1011 1857 1070 in
1885 1014 1946 1069 S.
1981 1009 2261 1067 acicula-

578 1123 640 1175 ri
656 1164 674 1193 ,
717 1137 903 1194 quum
938 1119 1005 1176 in
1033 1117 1297 1176 Suecicis
1316 1125 1448 1176 tum
1464 1114 2040 1191 inBerolinensibus
2058 1111 2259 1188 speci-

578 1222 873 1295 minibus,
915 1222 1152 1281 adsunt.

314 1346 415 1409 18.
468 1336 787 1429 Scirpus
821 1337 1165 1428 fluitans
1216 1358 1293 1406 L.

696 1456 773 1515 In
799 1455 1080 1515 omnibus
1113 1452 1453 1515 Ducatibus
1483 1451 1648 1511 haud
1679 1471 1871 1522 rarus.

698 1557 870 1616 Flor.
908 1559 1067 1615 Dan.
1100 1558 1221 1616 tab.
1260 1554 1439 1617 1082.
1506 1554 1520 1561 “
1893 1552 1903 1562 '

314 1682 416 1748 19.
470 1673 791 1766 Scirpus
841 1674 1067 1764 rufus
1118 1691 1467 1741 FLUEGG.

702 1795 853 1852 Non
893 1812 1069 1852 rarus
1116 1793 1189 1873 in*
1228 1790 1510 1849 Holsatia
1558 1800 1619 1850 et
1648 1790 1915 1850 Slesvic'o
1952 1788 2030 1847 ad
2061 1788 2260 1848 Balti-

579 1916 716 1956 cum
751 1906 812 1955 et
842 1896 1274 1955 Germanicum
1299 1914 1497 1969 mare3
1545 1894 1655 1954 ubi
1682 1897 1880 1953 variat
1917 1896 2081 1953 inter
2126 1914 2261 1951 ma-

575 1999 959 2074 gnitudinem
988 2000 1247 2059 duarum
1277 2008 1338 2058 et
1370 1998 1637 2057 sedecim
1667 1998 1983 2076 pollicum.
2075 1996 2264 2075 Apud

577 2122 691 2162 nos
724 2102 896 2162 nulla
924 2101 1109 2163 habet
1137 2102 1394 2181 vestigia
1419 2110 1685 2162 setarum
1715 2103 1874 2162 circa
1891 2103 2128 2169 semina
2141 2122 2261 2179 po-

576 2208 864 2282 sitarum,
922 2228 1041 2285 qua
1088 2228 1159 2267 re
1191 2210 1396 2266 statim
1432 2207 1799 2266 discernitur
1828 2227 1865 2265 a
1896 2212 1957 2268 S.
1989 2212 2263 2265 caricino

583 2310 832 2370 Schrad.
863 2311 1201 2389 Frequenti
1228 2309 1445 2370 errore
1466 2311 1824 2392 varietatem
1854 2311 2170 2388 parvulam
2200 2314 2259 2370 S.

579 2417 849 2473 carecini
866 2416 943 2474 ad
957 2416 1102 2473 litus
1118 2415 1420 2474 marinum
1439 2425 1807 2474 crescentem
1835 2433 1951 2491 pro
1989 2413 2106 2472 hoc
2138 2435 2260 2472 no-

578 2527 710 2575 stro
727 2520 1149 2580 sumunt.Vult
1161 2517 1660 2593 Cel.Bernhardi‚
1674 2520 1957 2593 Scirpum
1970 2517 2261 2593 bzfolium

577 2622 919 2682 Wallroth.
955 2618 1194 2700 (Sched.
1210 2622 1401 2681 critic.
1422 2624 1469 2682 1.
1487 2642 1546 2699 p.
1565 2620 1674 2702 27)
1705 2620 2124 2679 tantummodo
2144 2640 2259 2678 va-

558 2725 854 2785 rietatem
864 2725 1045 2804 hujus
1057 2727 1281 2804 plantae
1295 2745 1437 2786 esse.
1453 2725 1741 2785 Attamen
1757 2746 1836 2783 ex
1852 2725 2260 2802 descriptione

574 2828 944 2892 Wallrothii
976 2826 1323 2907 Fliiggeana
1347 2806 1557 2909 planta
1583 2830 1822 2890 diversa
1838 2849 1963 2889 esse
1986 2830 2255 2890 videtur.

315 2957 417 3021 20.
468 2944 788 3039 Scirpus
830 2947 1181 3039 glaucus
1210 2968 1489 3018 SMITH.

700 3066 1013 3144 Frequens
1065 3068 1142 3126 ad
1182 3068 1368 3127 litora
1407 3069 1699 3130 Holsatiae
1745 3078 1807 3130 et
1850 3067 2131 3143 slew-ici,
2177 3067 2255 3125 ad

575 3170 795 3228 salinas
815 3170 1241 3233 Oldesloenses
1263 3216 1283 3245 ,
1316 3174 1394 3232 ad
1409 3173 1620 3231 Albim
1636 3182 1696 3232 et
1713 3174 2023 3233 Eidoram.
2087 3173 2254 3248 Syn-

470 3351 473 3358 ,
579 3294 802 3350 onyma
831 3273 952 3334 huc
979 3276 1353 3352 pertinentia
1381 3288 1524 3336 sunt
1545 3281 1607 3338 S.
1643 3278 2060 3337 holoschoenus
2097 3276 2250 3336 Oed.

553 3395 557 3402 ·
578 3378 742 3435 Flor.
760 3380 919 3436 Dan.
936 3380 1058 3437 tab.
1075 3376 1201 3443 454
1216 3391 1278 3439 et
1300 3385 1361 3441 S.
1394 3382 1966 3443 Tabernoemontani
1984 3381 2248 3440 Gmelin.

575 3483 740 3542 Flcr.
769 3484 998 3543 Baden.
1035 3484 1084 3543 Ι.
1116 3504 1177 3562 p.
1210 3487 1351 3548 101.

694 3586 932 3647 ,Οεάετί
965 3590 1209 3666 planta,
1267 3608 1398 3666 quae
1425 3591 1499 3648 ab
1534 3590 1666 3669 ipso
1695 3588 1943 3665 Vahlio,
1972 3589 2254 3654 Enumss2

567 3709 631 3770 1)-
665 3686 820 3764 264,
873 3711 1195 3770 perperam
1224 3696 1303 3751 ad
1335 3694 1560 3754 Linnei
1586 3699 1645 3755 S.
1681 3696 2128 3754 holoschoenum
2152 3695 2250 3752 ci-

569 3800 768 3867 tatur,
812 3795 944 3856 sine
977 3798 1107 3864 ullo
1140 3798 1329 3860 dubio
1363 3810 1455 3861 est
1490 3805 1552 3863 S.
1585 3803 1855 3878 glaucus
1886 3803 2005 3864 Sm.
2023 3843 2044 3872 ,
2086 3800 2251 3878 quod
