<?xml version="1.0" encoding="UTF-8"?>
<!DOCTYPE html PUBLIC "-//W3C//DTD XHTML 1.0 Transitional//EN"
    "http://www.w3.org/TR/xhtml1/DTD/xhtml1-transitional.dtd">
<html xmlns="http://www.w3.org/1999/xhtml" xml:lang="en" lang="en">
 <head>
  <title>
</title>
<meta http-equiv="Content-Type" content="text/html;charset=utf-8" />
  <meta name='ocr-system' content='tesseract 3.04.00' />
  <meta name='ocr-capabilities' content='ocr_page ocr_carea ocr_par ocr_line ocrx_word'/>
</head>
<body>
  <div class='ocr_page' id='page_1' title='image "./novitiaefloraeh00noltgoog_0053.png"; bbox 0 0 2516 4231; ppageno 0'>
   <div class='ocr_carea' id='block_1_1' title="bbox 1023 201 1465 267">
    <p class='ocr_par' dir='ltr' id='par_1_1' title="bbox 1023 201 1465 267">
     <span class='ocr_line' id='line_1_1' title="bbox 1023 201 1465 267; baseline 0.005 -20"><span class='ocrx_word' id='word_1_1' title='bbox 1023 201 1465 267; x_wconf 68' lang='lat'><strong>...25-</strong></span> 
     </span>
    </p>
   </div>
   <div class='ocr_carea' id='block_1_2' title="bbox 498 392 2241 3490">
    <p class='ocr_par' dir='ltr' id='par_1_2' title="bbox 534 392 2237 1099">
     <span class='ocr_line' id='line_1_2' title="bbox 535 392 2230 474; baseline 0.001 -19"><span class='ocrx_word' id='word_1_2' title='bbox 535 403 718 474; x_wconf 85' lang='lat' dir='ltr'><strong>atque</strong></span> <span class='ocrx_word' id='word_1_3' title='bbox 767 393 1023 455; x_wconf 76' lang='lat' dir='ltr'><strong>Ami-om</strong></span> <span class='ocrx_word' id='word_1_4' title='bbox 1061 405 1124 456; x_wconf 88' lang='lat' dir='ltr'><strong>et</strong></span> <span class='ocrx_word' id='word_1_5' title='bbox 1164 392 1560 471; x_wconf 73' lang='lat' dir='ltr'><strong>Beenshallig</strong></span> <span class='ocrx_word' id='word_1_6' title='bbox 1605 393 1839 455; x_wconf 84' lang='lat' dir='ltr'><strong>inveni.</strong></span> <span class='ocrx_word' id='word_1_7' title='bbox 1935 397 2131 455; x_wconf 84' lang='lat' dir='ltr'><strong>Porro</strong></span> <span class='ocrx_word' id='word_1_8' title='bbox 2163 395 2230 456; x_wconf 87' lang='lat' dir='ltr'><strong>in</strong></span> 
     </span>
     <span class='ocr_line' id='line_1_3' title="bbox 535 492 2231 575; baseline -0.002 -17"><span class='ocrx_word' id='word_1_9' title='bbox 535 499 633 558; x_wconf 82' lang='lat' dir='ltr'><strong>his</strong></span> <span class='ocrx_word' id='word_1_10' title='bbox 677 492 904 559; x_wconf 77' lang='lat' dir='ltr'><strong>Baltici</strong></span> <span class='ocrx_word' id='word_1_11' title='bbox 948 501 1132 558; x_wconf 87' lang='lat' dir='ltr'><strong>maris</strong></span> <span class='ocrx_word' id='word_1_12' title='bbox 1184 498 1430 557; x_wconf 87' lang='lat' dir='ltr'><strong>insulis:</strong></span> <span class='ocrx_word' id='word_1_13' title='bbox 1479 498 1716 573; x_wconf 79' lang='lat' dir='ltr'><strong>Aar6e‚</strong></span> <span class='ocrx_word' id='word_1_14' title='bbox 1762 499 2018 575; x_wconf 62' lang='lat' dir='ltr'><strong>AErrsse‚</strong></span> <span class='ocrx_word' id='word_1_15' title='bbox 2064 499 2231 559; x_wconf 86' lang='lat' dir='ltr'><strong>Feh-</strong></span> 
     </span>
     <span class='ocr_line' id='line_1_4' title="bbox 534 599 2231 681; baseline -0.003 -15"><span class='ocrx_word' id='word_1_16' title='bbox 534 623 730 666; x_wconf 85' lang='lat' dir='ltr'><strong>mern.</strong></span> <span class='ocrx_word' id='word_1_17' title='bbox 815 605 1212 681; x_wconf 78' lang='lat' dir='ltr'><strong>Quapropter</strong></span> <span class='ocrx_word' id='word_1_18' title='bbox 1235 622 1401 664; x_wconf 89' lang='lat' dir='ltr'><strong>nunc</strong></span> <span class='ocrx_word' id='word_1_19' title='bbox 1428 599 1583 661; x_wconf 85' lang='lat' dir='ltr'><strong>hanc</strong></span> <span class='ocrx_word' id='word_1_20' title='bbox 1617 602 1887 678; x_wconf 80' lang='lat' dir='ltr'><strong>plantam</strong></span> <span class='ocrx_word' id='word_1_21' title='bbox 1918 623 2066 663; x_wconf 80' lang='lat' dir='ltr'><strong>vere</strong></span> <span class='ocrx_word' id='word_1_22' title='bbox 2094 603 2231 662; x_wconf 84' lang='lat' dir='ltr'><strong>fre-</strong></span> 
     </span>
     <span class='ocr_line' id='line_1_5' title="bbox 541 706 2233 785; baseline -0.001 -17"><span class='ocrx_word' id='word_1_23' title='bbox 541 717 829 785; x_wconf 87' lang='lat' dir='ltr'><strong>quentem</strong></span> <span class='ocrx_word' id='word_1_24' title='bbox 857 708 1138 767; x_wconf 82' lang='lat' dir='ltr'><strong>existimo</strong></span> <span class='ocrx_word' id='word_1_25' title='bbox 1153 727 1170 781; x_wconf 84' lang='lat'>3</span> <span class='ocrx_word' id='word_1_26' title='bbox 1208 725 1408 783; x_wconf 83' lang='lat' dir='ltr'><strong>neque</strong></span> <span class='ocrx_word' id='word_1_27' title='bbox 1442 706 1659 767; x_wconf 89' lang='lat' dir='ltr'><strong>dubito</strong></span> <span class='ocrx_word' id='word_1_28' title='bbox 1679 752 1696 781; x_wconf 90' lang='lat'><strong><em>,</em></strong></span> <span class='ocrx_word' id='word_1_29' title='bbox 1745 708 1926 783; x_wconf 83' lang='lat' dir='ltr'><strong>quin,</strong></span> <span class='ocrx_word' id='word_1_30' title='bbox 1975 707 2029 765; x_wconf 89' lang='lat' dir='ltr'><strong>si</strong></span> <span class='ocrx_word' id='word_1_31' title='bbox 2063 728 2233 785; x_wconf 62' lang='lat' dir='ltr'><strong>quaa-</strong></span> 
     </span>
     <span class='ocr_line' id='line_1_6' title="bbox 539 810 2237 891; baseline 0.002 -23"><span class='ocrx_word' id='word_1_32' title='bbox 539 820 718 870; x_wconf 86' lang='lat' dir='ltr'><strong>ratur</strong></span> <span class='ocrx_word' id='word_1_33' title='bbox 734 856 751 887; x_wconf 89' lang='lat'>,</span> <span class='ocrx_word' id='word_1_34' title='bbox 791 813 973 871; x_wconf 87' lang='lat' dir='ltr'><strong>etiam</strong></span> <span class='ocrx_word' id='word_1_35' title='bbox 1005 832 1191 891; x_wconf 88' lang='lat' dir='ltr'><strong>quum</strong></span> <span class='ocrx_word' id='word_1_36' title='bbox 1222 811 1292 869; x_wconf 90' lang='lat' dir='ltr'><strong>in</strong></span> <span class='ocrx_word' id='word_1_37' title='bbox 1318 810 1406 867; x_wconf 89' lang='grc' dir='ltr'><strong>Μ.</strong></span> <span class='ocrx_word' id='word_1_38' title='bbox 1441 811 1599 868; x_wconf 90' lang='lat' dir='ltr'><strong>Duc.</strong></span> <span class='ocrx_word' id='word_1_39' title='bbox 1628 810 2148 886; x_wconf 86' lang='lat' dir='ltr'><strong>Megalopolitano</strong></span> <span class='ocrx_word' id='word_1_40' title='bbox 2172 822 2237 871; x_wconf 90' lang='lat' dir='ltr'><strong>et</strong></span> 
     </span>
     <span class='ocr_line' id='line_1_7' title="bbox 541 913 2236 987; baseline 0.002 -15"><span class='ocrx_word' id='word_1_41' title='bbox 541 915 905 975; x_wconf 85' lang='lat' dir='ltr'><strong>Pomerania</strong></span> <span class='ocrx_word' id='word_1_42' title='bbox 916 961 936 987; x_wconf 90' lang='lat'><em>,</em></span> <span class='ocrx_word' id='word_1_43' title='bbox 996 927 1132 977; x_wconf 90' lang='lat' dir='ltr'><strong>tum</strong></span> <span class='ocrx_word' id='word_1_44' title='bbox 1170 915 1238 974; x_wconf 89' lang='lat' dir='ltr'><strong>in</strong></span> <span class='ocrx_word' id='word_1_45' title='bbox 1265 914 1392 972; x_wconf 85' lang='lat' dir='ltr'><strong>oris</strong></span> <span class='ocrx_word' id='word_1_46' title='bbox 1419 913 1740 972; x_wconf 78' lang='lat' dir='ltr'><strong>maritimis</strong></span> <span class='ocrx_word' id='word_1_47' title='bbox 1769 915 2236 975; x_wconf 87' lang='lat' dir='ltr'><strong>Hannoveranis</strong></span> 
     </span>
     <span class='ocr_line' id='line_1_8' title="bbox 547 1019 1650 1099; baseline -0.003 -21"><span class='ocrx_word' id='word_1_48' title='bbox 547 1026 611 1078; x_wconf 87' lang='lat' dir='ltr'><strong>et</strong></span> <span class='ocrx_word' id='word_1_49' title='bbox 640 1019 1250 1099; x_wconf 84' lang='lat' dir='ltr'><strong>Oldenburgensibus</strong></span> <span class='ocrx_word' id='word_1_50' title='bbox 1280 1022 1650 1095; x_wconf 85' lang='lat' dir='ltr'><strong>reperiatur.</strong></span> 
     </span>
    </p>

    <p class='ocr_par' dir='ltr' id='par_1_3' title="bbox 498 1119 2241 3490">
     <span class='ocr_line' id='line_1_9' title="bbox 669 1119 2239 1200; baseline 0.001 -19"><span class='ocrx_word' id='word_1_51' title='bbox 669 1123 803 1181; x_wconf 91' lang='lat' dir='ltr'><strong>Diu</strong></span> <span class='ocrx_word' id='word_1_52' title='bbox 849 1143 1069 1200; x_wconf 88' lang='lat' dir='ltr'><strong>parum</strong></span> <span class='ocrx_word' id='word_1_53' title='bbox 1111 1121 1388 1181; x_wconf 81' lang='lat' dir='ltr'><strong>constitit</strong></span> <span class='ocrx_word' id='word_1_54' title='bbox 1436 1121 1624 1192; x_wconf 87' lang='lat' dir='ltr'><strong>mihi,</strong></span> <span class='ocrx_word' id='word_1_55' title='bbox 1693 1140 1842 1180; x_wconf 87' lang='lat' dir='ltr'><strong>num</strong></span> <span class='ocrx_word' id='word_1_56' title='bbox 1872 1119 1998 1180; x_wconf 79' lang='lat' dir='ltr'><strong>haec</strong></span> <span class='ocrx_word' id='word_1_57' title='bbox 2027 1123 2239 1199; x_wconf 86' lang='lat' dir='ltr'><strong>planta</strong></span> 
     </span>
     <span class='ocr_line' id='line_1_10' title="bbox 547 1224 2235 1303; baseline 0.003 -20"><span class='ocrx_word' id='word_1_58' title='bbox 547 1243 698 1284; x_wconf 83' lang='lat' dir='ltr'><strong>vere</strong></span> <span class='ocrx_word' id='word_1_59' title='bbox 735 1236 892 1285; x_wconf 84' lang='lat' dir='ltr'><strong>esset</strong></span> <span class='ocrx_word' id='word_1_60' title='bbox 923 1229 1170 1287; x_wconf 80' lang='lat' dir='ltr'><strong>Salsola</strong></span> <span class='ocrx_word' id='word_1_61' title='bbox 1187 1224 1436 1283; x_wconf 78' lang='lat' dir='ltr'><strong>hirsuta</strong></span> <span class='ocrx_word' id='word_1_62' title='bbox 1451 1224 1679 1285; x_wconf 86' lang='lat' dir='ltr'><strong>Linnei</strong></span> <span class='ocrx_word' id='word_1_63' title='bbox 1696 1268 1714 1299; x_wconf 85' lang='lat'><em>,</em></span> <span class='ocrx_word' id='word_1_64' title='bbox 1771 1245 1958 1303; x_wconf 86' lang='lat' dir='ltr'><strong>quum</strong></span> <span class='ocrx_word' id='word_1_65' title='bbox 1987 1228 2235 1290; x_wconf 87' lang='lat' dir='ltr'><strong>Clariss.</strong></span> 
     </span>
     <span class='ocr_line' id='line_1_11' title="bbox 546 1327 2239 1407; baseline 0.003 -21"><span class='ocrx_word' id='word_1_66' title='bbox 546 1327 923 1389; x_wconf 85' lang='lat' dir='ltr'><strong>Schraderus</strong></span> <span class='ocrx_word' id='word_1_67' title='bbox 983 1330 1051 1389; x_wconf 89' lang='lat' dir='ltr'><strong>in</strong></span> <span class='ocrx_word' id='word_1_68' title='bbox 1115 1330 1352 1389; x_wconf 81' lang='lat' dir='ltr'><strong>dissert.</strong></span> <span class='ocrx_word' id='word_1_69' title='bbox 1422 1330 1498 1389; x_wconf 91' lang='lat' dir='ltr'><strong>de</strong></span> <span class='ocrx_word' id='word_1_70' title='bbox 1552 1328 1929 1407; x_wconf 82' lang='lat' dir='ltr'><strong>Halophytis</strong></span> <span class='ocrx_word' id='word_1_71' title='bbox 1991 1333 2239 1391; x_wconf 87' lang='lat' dir='ltr'><strong>Pallasii</strong></span> 
     </span>
     <span class='ocr_line' id='line_1_12' title="bbox 541 1431 2239 1512; baseline 0.001 -19"><span class='ocrx_word' id='word_1_72' title='bbox 541 1451 608 1509; x_wconf 80' lang='grc' dir='ltr'><strong>Ρ.</strong></span> <span class='ocrx_word' id='word_1_73' title='bbox 639 1432 739 1497; x_wconf 90' lang='grc'><strong>16.</strong></span> <span class='ocrx_word' id='word_1_74' title='bbox 833 1433 1214 1495; x_wconf 86' lang='lat' dir='ltr'><strong>Linneanam</strong></span> <span class='ocrx_word' id='word_1_75' title='bbox 1235 1434 1505 1511; x_wconf 82' lang='lat' dir='ltr'><strong>plantam</strong></span> <span class='ocrx_word' id='word_1_76' title='bbox 1522 1435 1600 1492; x_wconf 90' lang='lat' dir='ltr'><strong>ad</strong></span> <span class='ocrx_word' id='word_1_77' title='bbox 1617 1431 2070 1511; x_wconf 75' lang='lat' dir='ltr'><strong>Chenopodiuni</strong></span> <span class='ocrx_word' id='word_1_78' title='bbox 2086 1455 2239 1512; x_wconf 89' lang='lat' dir='ltr'><strong>per—</strong></span> 
     </span>
     <span class='ocr_line' id='line_1_13' title="bbox 540 1535 2236 1618; baseline 0.002 -23"><span class='ocrx_word' id='word_1_79' title='bbox 540 1535 778 1614; x_wconf 89' lang='lat' dir='ltr'><strong>tinere,</strong></span> <span class='ocrx_word' id='word_1_80' title='bbox 843 1539 1072 1599; x_wconf 77' lang='lat' dir='ltr'><strong>diserte</strong></span> <span class='ocrx_word' id='word_1_81' title='bbox 1114 1539 1380 1618; x_wconf 80' lang='lat' dir='ltr'><strong>judicet3</strong></span> <span class='ocrx_word' id='word_1_82' title='bbox 1440 1554 1562 1618; x_wconf 86' lang='lat' dir='ltr'><strong>quo</strong></span> <span class='ocrx_word' id='word_1_83' title='bbox 1605 1539 1729 1618; x_wconf 88' lang='lat' dir='ltr'><strong>jam</strong></span> <span class='ocrx_word' id='word_1_84' title='bbox 1773 1548 1951 1597; x_wconf 90' lang='lat' dir='ltr'><strong>antea</strong></span> <span class='ocrx_word' id='word_1_85' title='bbox 1985 1540 2060 1597; x_wconf 90' lang='lat' dir='ltr'><strong>ab</strong></span> <span class='ocrx_word' id='word_1_86' title='bbox 2101 1540 2236 1617; x_wconf 83' lang='lat' dir='ltr'><strong>ipso</strong></span> 
     </span>
     <span class='ocr_line' id='line_1_14' title="bbox 546 1639 2239 1721; baseline 0.003 -24"><span class='ocrx_word' id='word_1_87' title='bbox 546 1639 794 1702; x_wconf 88' lang='lat' dir='ltr'><strong>Linneo</strong></span> <span class='ocrx_word' id='word_1_88' title='bbox 844 1644 1041 1704; x_wconf 88' lang='lat' dir='ltr'><strong>relata</strong></span> <span class='ocrx_word' id='word_1_89' title='bbox 1082 1653 1232 1704; x_wconf 89' lang='lat' dir='ltr'><strong>erat.</strong></span> <span class='ocrx_word' id='word_1_90' title='bbox 1325 1647 1539 1721; x_wconf 89' lang='lat' dir='ltr'><strong>Itaque</strong></span> <span class='ocrx_word' id='word_1_91' title='bbox 1582 1644 1774 1702; x_wconf 88' lang='lat' dir='ltr'><strong>incidi</strong></span> <span class='ocrx_word' id='word_1_92' title='bbox 1820 1645 1889 1701; x_wconf 88' lang='lat' dir='ltr'><strong>in</strong></span> <span class='ocrx_word' id='word_1_93' title='bbox 1935 1650 2068 1701; x_wconf 91' lang='lat' dir='ltr'><strong>ea&#39;m</strong></span> <span class='ocrx_word' id='word_1_94' title='bbox 2094 1646 2239 1720; x_wconf 88' lang='lat' dir='ltr'><strong>opi-</strong></span> 
     </span>
     <span class='ocr_line' id='line_1_15' title="bbox 538 1744 2238 1823; baseline 0.002 -22"><span class='ocrx_word' id='word_1_95' title='bbox 538 1744 790 1803; x_wconf 81' lang='lat' dir='ltr'><strong>:aionem</strong></span> <span class='ocrx_word' id='word_1_96' title='bbox 807 1790 825 1820; x_wconf 93' lang='lat'>‚</span> <span class='ocrx_word' id='word_1_97' title='bbox 913 1756 985 1805; x_wconf 89' lang='lat' dir='ltr'><strong>ut</strong></span> <span class='ocrx_word' id='word_1_98' title='bbox 1036 1757 1355 1823; x_wconf 87' lang='lat' dir='ltr'><strong>putarem,</strong></span> <span class='ocrx_word' id='word_1_99' title='bbox 1435 1746 1902 1810; x_wconf 79' lang='lat' dir='ltr'><strong>meridionalem</strong></span> <span class='ocrx_word' id='word_1_100' title='bbox 1953 1746 2238 1823; x_wconf 87' lang='lat' dir='ltr'><strong>plantam,</strong></span> 
     </span>
     <span class='ocr_line' id='line_1_16' title="bbox 544 1848 2241 1928; baseline 0.006 -25"><span class='ocrx_word' id='word_1_101' title='bbox 544 1865 727 1922; x_wconf 85' lang='lat' dir='ltr'><strong>quam</strong></span> <span class='ocrx_word' id='word_1_102' title='bbox 766 1848 1041 1906; x_wconf 86' lang='lat' dir='ltr'><strong>Linneus</strong></span> <span class='ocrx_word' id='word_1_103' title='bbox 1088 1850 1308 1907; x_wconf 87' lang='lat' dir='ltr'><strong>Monte</strong></span> <span class='ocrx_word' id='word_1_104' title='bbox 1359 1848 1689 1907; x_wconf 84' lang='lat' dir='ltr'><strong>Pessulano</strong></span> <span class='ocrx_word' id='word_1_105' title='bbox 1733 1868 1847 1925; x_wconf 90' lang='lat' dir='ltr'><strong>per</strong></span> <span class='ocrx_word' id='word_1_106' title='bbox 1877 1851 2241 1928; x_wconf 81' lang='lat' dir='ltr'><strong>Sauvagium</strong></span> 
     </span>
     <span class='ocr_line' id='line_1_17' title="bbox 498 1935 2239 2030; baseline 0.005 -24"><span class='ocrx_word' id='word_1_107' title='bbox 498 1994 501 1999; x_wconf 85' lang='lat'><strong>.</strong></span> <span class='ocrx_word' id='word_1_108' title='bbox 544 1948 666 2007; x_wconf 86' lang='lat' dir='ltr'><strong>sibi</strong></span> <span class='ocrx_word' id='word_1_109' title='bbox 706 1952 949 2009; x_wconf 88' lang='lat' dir='ltr'><strong>missam</strong></span> <span class='ocrx_word' id='word_1_110' title='bbox 987 1952 1053 2011; x_wconf 93' lang='lat' dir='ltr'><strong>in</strong></span> <span class='ocrx_word' id='word_1_111' title='bbox 1080 1935 1283 2030; x_wconf 73' lang='lat' dir='ltr'><strong>prima</strong></span> <span class='ocrx_word' id='word_1_112' title='bbox 1322 1952 1465 2012; x_wconf 89' lang='lat' dir='ltr'><strong>edit.</strong></span> <span class='ocrx_word' id='word_1_113' title='bbox 1498 1953 1670 2030; x_wconf 86' lang='lat' dir='ltr'><strong>Spec.</strong></span> <span class='ocrx_word' id='word_1_114' title='bbox 1715 1952 1905 2029; x_wconf 88' lang='lat' dir='ltr'><strong>plant.</strong></span> <span class='ocrx_word' id='word_1_115' title='bbox 1937 2004 1940 2007; x_wconf 97' lang='lat'><strong>.</strong></span> <span class='ocrx_word' id='word_1_116' title='bbox 2002 1956 2239 2015; x_wconf 77' lang='lat' dir='ltr'><strong>Cheno-</strong></span> 
     </span>
     <span class='ocr_line' id='line_1_18' title="bbox 531 2055 2236 2133; baseline 0.006 -23"><span class='ocrx_word' id='word_1_117' title='bbox 531 2055 722 2129; x_wconf 62' lang='lat' dir='ltr'><strong>podia·</strong></span> <span class='ocrx_word' id='word_1_118' title='bbox 769 2056 1018 2115; x_wconf 89' lang='lat' dir='ltr'><strong>nomine</strong></span> <span class='ocrx_word' id='word_1_119' title='bbox 1038 2102 1055 2133; x_wconf 91' lang='lat'><em>,</em></span> <span class='ocrx_word' id='word_1_120' title='bbox 1098 2078 1223 2118; x_wconf 90' lang='lat' dir='ltr'><strong>uno</strong></span> <span class='ocrx_word' id='word_1_121' title='bbox 1253 2058 1364 2117; x_wconf 90' lang='lat' dir='ltr'><strong>illo</strong></span> <span class='ocrx_word' id='word_1_122' title='bbox 1392 2058 1564 2130; x_wconf 86' lang='lat' dir='ltr'><strong>loco,</strong></span> <span class='ocrx_word' id='word_1_123' title='bbox 1623 2057 1729 2115; x_wconf 92' lang='lat' dir='ltr'><strong>ubi</strong></span> <span class='ocrx_word' id='word_1_124' title='bbox 1765 2069 2101 2131; x_wconf 87' lang='lat' dir='ltr'><strong>cresceret,</strong></span> <span class='ocrx_word' id='word_1_125' title='bbox 2139 2063 2236 2120; x_wconf 90' lang='lat' dir='ltr'><strong>al-</strong></span> 
     </span>
     <span class='ocr_line' id='line_1_19' title="bbox 543 2156 2240 2240; baseline 0.007 -26"><span class='ocrx_word' id='word_1_126' title='bbox 543 2156 668 2215; x_wconf 88' lang='lat' dir='ltr'><strong>lato</strong></span> <span class='ocrx_word' id='word_1_127' title='bbox 690 2203 707 2233; x_wconf 91' lang='lat'><strong><em>,</em></strong></span> <span class='ocrx_word' id='word_1_128' title='bbox 742 2174 1154 2238; x_wconf 85' lang='lat' dir='ltr'><strong>proposuerat</strong></span> <span class='ocrx_word' id='word_1_129' title='bbox 1171 2207 1191 2233; x_wconf 91' lang='lat'><em>,</em></span> <span class='ocrx_word' id='word_1_130' title='bbox 1230 2164 1534 2223; x_wconf 86' lang='lat' dir='ltr'><strong>diversam</strong></span> <span class='ocrx_word' id='word_1_131' title='bbox 1564 2182 1690 2222; x_wconf 84' lang='lat' dir='ltr'><strong>esse</strong></span> <span class='ocrx_word' id='word_1_132' title='bbox 1717 2183 1752 2220; x_wconf 91' lang='lat' dir='ltr'><strong>a</strong></span> <span class='ocrx_word' id='word_1_133' title='bbox 1772 2167 2240 2240; x_wconf 68' lang='lat' dir='ltr'><strong>septentrionali</strong></span> 
     </span>
     <span class='ocr_line' id='line_1_20' title="bbox 546 2264 2237 2344; baseline 0.007 -26"><span class='ocrx_word' id='word_1_134' title='bbox 546 2272 758 2319; x_wconf 88' lang='lat' dir='ltr'><strong>nostra</strong></span> <span class='ocrx_word' id='word_1_135' title='bbox 786 2264 1029 2341; x_wconf 83' lang='lat' dir='ltr'><strong>planta,</strong></span> <span class='ocrx_word' id='word_1_136' title='bbox 1072 2264 1242 2343; x_wconf 85' lang='lat' dir='ltr'><strong>cujus</strong></span> <span class='ocrx_word' id='word_1_137' title='bbox 1278 2265 1448 2327; x_wconf 87' lang='lat' dir='ltr'><strong>locus</strong></span> <span class='ocrx_word' id='word_1_138' title='bbox 1481 2266 1720 2325; x_wconf 88' lang='lat' dir='ltr'><strong>demum</strong></span> <span class='ocrx_word' id='word_1_139' title='bbox 1763 2276 1902 2344; x_wconf 88' lang='lat' dir='ltr'><strong>post</strong></span> <span class='ocrx_word' id='word_1_140' title='bbox 1929 2268 2237 2331; x_wconf 83' lang='lat' dir='ltr'><strong>-Holmia-</strong></span> 
     </span>
     <span class='ocr_line' id='line_1_21' title="bbox 544 2365 2237 2449; baseline 0.008 -26"><span class='ocrx_word' id='word_1_141' title='bbox 544 2384 686 2425; x_wconf 83' lang='lat' dir='ltr'><strong>nam</strong></span> <span class='ocrx_word' id='word_1_142' title='bbox 745 2368 1233 2442; x_wconf 81' lang='lat' dir='ltr'><strong>dissertationem</strong></span> <span class='ocrx_word' id='word_1_143' title='bbox 1283 2365 1659 2448; x_wconf 84' lang='lat' dir='ltr'><strong>(inscriptam</strong></span> <span class='ocrx_word' id='word_1_144' title='bbox 1705 2375 1903 2431; x_wconf 85' lang='lat' dir='ltr'><strong>Flora</strong></span> <span class='ocrx_word' id='word_1_145' title='bbox 1958 2379 2237 2449; x_wconf 59' lang='lat' dir='ltr'><strong>Daraba,</strong></span> 
     </span>
     <span class='ocr_line' id='line_1_22' title="bbox 542 2469 2231 2555; baseline 0.006 -27"><span class='ocrx_word' id='word_1_146' title='bbox 542 2469 611 2529; x_wconf 87' lang='lat' dir='ltr'><strong>in</strong></span> <span class='ocrx_word' id='word_1_147' title='bbox 666 2470 904 2533; x_wconf 82' lang='lat' dir='ltr'><strong>Amoen.</strong></span> <span class='ocrx_word' id='word_1_148' title='bbox 953 2477 1118 2535; x_wconf 88' lang='lat' dir='ltr'><strong>acad.</strong></span> <span class='ocrx_word' id='word_1_149' title='bbox 1169 2473 1229 2538; x_wconf 89' lang='lat'><strong>5.</strong></span> <span class='ocrx_word' id='word_1_150' title='bbox 1284 2495 1344 2552; x_wconf 92' lang='lat' dir='ltr'><strong>p.</strong></span> <span class='ocrx_word' id='word_1_151' title='bbox 1388 2472 1497 2552; x_wconf 79' lang='lat'><strong>40)</strong></span> <span class='ocrx_word' id='word_1_152' title='bbox 1550 2475 1618 2533; x_wconf 89' lang='lat' dir='ltr'><strong>in</strong></span> <span class='ocrx_word' id='word_1_153' title='bbox 1682 2478 2006 2534; x_wconf 85' lang='lat' dir='ltr'><strong>secundam</strong></span> <span class='ocrx_word' id='word_1_154' title='bbox 2061 2482 2231 2555; x_wconf 88' lang='lat' dir='ltr'><strong>Spec.</strong></span> 
     </span>
     <span class='ocr_line' id='line_1_23' title="bbox 537 2576 2233 2661; baseline 0.005 -28"><span class='ocrx_word' id='word_1_155' title='bbox 537 2576 733 2653; x_wconf 84' lang='lat' dir='ltr'><strong>plant.</strong></span> <span class='ocrx_word' id='word_1_156' title='bbox 782 2579 1116 2641; x_wconf 87' lang='lat' dir='ltr'><strong>editionem</strong></span> <span class='ocrx_word' id='word_1_157' title='bbox 1160 2589 1444 2656; x_wconf 84' lang='lat' dir='ltr'><strong>receptus</strong></span> <span class='ocrx_word' id='word_1_158' title='bbox 1513 2588 1619 2639; x_wconf 90' lang='lat' dir='ltr'><strong>est.</strong></span> <span class='ocrx_word' id='word_1_159' title='bbox 1727 2581 1966 2638; x_wconf 84' lang='lat' dir='ltr'><strong>Verum</strong></span> <span class='ocrx_word' id='word_1_160' title='bbox 2014 2586 2233 2661; x_wconf 82' lang='lat' dir='ltr'><strong>omnia,</strong></span> 
     </span>
     <span class='ocr_line' id='line_1_24' title="bbox 540 2668 2235 2768; baseline 0.005 -30"><span class='ocrx_word' id='word_1_161' title='bbox 540 2698 674 2755; x_wconf 67' lang='lat' dir='ltr'><strong>quaa</strong></span> <span class='ocrx_word' id='word_1_162' title='bbox 718 2695 1070 2760; x_wconf 60' lang='lat' dir='ltr'><strong>comparare</strong></span> <span class='ocrx_word' id='word_1_163' title='bbox 1124 2668 1279 2743; x_wconf 86' lang='lat' dir='ltr'><strong>mihi</strong></span> <span class='ocrx_word' id='word_1_164' title='bbox 1326 2684 1537 2759; x_wconf 89' lang='lat' dir='ltr'><strong>licuit,</strong></span> <span class='ocrx_word' id='word_1_165' title='bbox 1610 2683 1941 2768; x_wconf 84' lang='lat' dir='ltr'><strong>specimina</strong></span> <span class='ocrx_word' id='word_1_166' title='bbox 1968 2706 2048 2744; x_wconf 78' lang='lat' dir='ltr'><strong>ex</strong></span> <span class='ocrx_word' id='word_1_167' title='bbox 2078 2693 2235 2747; x_wconf 81' lang='lat' dir='ltr'><strong>mari</strong></span> 
     </span>
     <span class='ocr_line' id='line_1_25' title="bbox 537 2781 2228 2867; baseline 0.007 -27"><span class='ocrx_word' id='word_1_168' title='bbox 537 2781 996 2862; x_wconf 82' lang='lat' dir='ltr'><strong>Mediterraneo</strong></span> <span class='ocrx_word' id='word_1_169' title='bbox 1024 2790 1280 2867; x_wconf 82' lang='lat' dir='ltr'><strong>ipsoque</strong></span> <span class='ocrx_word' id='word_1_170' title='bbox 1299 2789 1517 2846; x_wconf 88' lang='lat' dir='ltr'><strong>Monte</strong></span> <span class='ocrx_word' id='word_1_171' title='bbox 1531 2788 1858 2846; x_wconf 81' lang='lat' dir='ltr'><strong>Pessulano</strong></span> <span class='ocrx_word' id='word_1_172' title='bbox 1878 2792 2058 2866; x_wconf 87' lang='lat' dir='ltr'><strong>atquc</strong></span> <span class='ocrx_word' id='word_1_173' title='bbox 2077 2793 2228 2851; x_wconf 84' lang='lat' dir='ltr'><strong>adeo</strong></span> 
     </span>
     <span class='ocr_line' id='line_1_26' title="bbox 537 2889 2227 2973; baseline 0.007 -30"><span class='ocrx_word' id='word_1_174' title='bbox 537 2906 619 2944; x_wconf 80' lang='lat' dir='ltr'><strong>ex</strong></span> <span class='ocrx_word' id='word_1_175' title='bbox 659 2889 925 2964; x_wconf 88' lang='lat' dir='ltr'><strong>Tauria,</strong></span> <span class='ocrx_word' id='word_1_176' title='bbox 987 2891 1097 2950; x_wconf 89' lang='lat' dir='ltr'><strong>ubi</strong></span> <span class='ocrx_word' id='word_1_177' title='bbox 1130 2892 1367 2952; x_wconf 83' lang='lat' dir='ltr'><strong>invenit</strong></span> <span class='ocrx_word' id='word_1_178' title='bbox 1395 2890 1726 2950; x_wconf 86' lang='lat' dir='ltr'><strong>Marschall</strong></span> <span class='ocrx_word' id='word_1_179' title='bbox 1759 2912 1795 2947; x_wconf 87' lang='lat' dir='ltr'><strong>a</strong></span> <span class='ocrx_word' id='word_1_180' title='bbox 1826 2892 2227 2973; x_wconf 82' lang='lat' dir='ltr'><strong>Bieberstein,</strong></span> 
     </span>
     <span class='ocr_line' id='line_1_27' title="bbox 533 2990 2228 3070; baseline 0.008 -25"><span class='ocrx_word' id='word_1_181' title='bbox 533 2990 746 3067; x_wconf 87' lang='lat' dir='ltr'><strong>missa,</strong></span> <span class='ocrx_word' id='word_1_182' title='bbox 780 2995 1094 3052; x_wconf 89' lang='lat' dir='ltr'><strong>teneriora</strong></span> <span class='ocrx_word' id='word_1_183' title='bbox 1121 2994 1409 3066; x_wconf 85' lang='lat' dir='ltr'><strong>fuerunt,</strong></span> <span class='ocrx_word' id='word_1_184' title='bbox 1468 3015 1647 3070; x_wconf 88' lang='lat' dir='ltr'><strong>quam</strong></span> <span class='ocrx_word' id='word_1_185' title='bbox 1673 3005 1744 3053; x_wconf 92' lang='lat' dir='ltr'><strong>ut</strong></span> <span class='ocrx_word' id='word_1_186' title='bbox 1776 2994 2013 3056; x_wconf 85' lang='lat' dir='ltr'><strong>fructus</strong></span> <span class='ocrx_word' id='word_1_187' title='bbox 2046 3020 2228 3059; x_wconf 89' lang='lat' dir='ltr'><strong>aceu-</strong></span> 
     </span>
     <span class='ocr_line' id='line_1_28' title="bbox 532 3094 2226 3182; baseline 0.008 -31"><span class='ocrx_word' id='word_1_188' title='bbox 532 3094 725 3153; x_wconf 82' lang='lat' dir='ltr'><strong>ratius</strong></span> <span class='ocrx_word' id='word_1_189' title='bbox 754 3097 1020 3175; x_wconf 82' lang='lat' dir='ltr'><strong>perspici</strong></span> <span class='ocrx_word' id='word_1_190' title='bbox 1036 3106 1257 3174; x_wconf 86' lang='lat' dir='ltr'><strong>posset.</strong></span> <span class='ocrx_word' id='word_1_191' title='bbox 1357 3098 1623 3172; x_wconf 85' lang='lat' dir='ltr'><strong>Tamen,</strong></span> <span class='ocrx_word' id='word_1_192' title='bbox 1666 3100 1831 3174; x_wconf 89' lang='lat' dir='ltr'><strong>quod</strong></span> <span class='ocrx_word' id='word_1_193' title='bbox 1858 3102 2226 3182; x_wconf 80' lang='lat' dir='ltr'><strong>suspicabar,</strong></span> 
     </span>
     <span class='ocr_line' id='line_1_29' title="bbox 530 3198 2228 3284; baseline 0.008 -29"><span class='ocrx_word' id='word_1_194' title='bbox 530 3198 993 3259; x_wconf 83' lang='lat' dir='ltr'><strong>meridionalem</strong></span> <span class='ocrx_word' id='word_1_195' title='bbox 1056 3202 1323 3278; x_wconf 90' lang='lat' dir='ltr'><strong>speeiem</strong></span> <span class='ocrx_word' id='word_1_196' title='bbox 1376 3200 1626 3259; x_wconf 87' lang='lat' dir='ltr'><strong>differre</strong></span> <span class='ocrx_word' id='word_1_197' title='bbox 1685 3222 1722 3258; x_wconf 93' lang='lat' dir='ltr'><strong>a</strong></span> <span class='ocrx_word' id='word_1_198' title='bbox 1762 3207 2228 3284; x_wconf 82' lang='lat' dir='ltr'><strong>septentrionali</strong></span> 
     </span>
     <span class='ocr_line' id='line_1_30' title="bbox 531 3301 2225 3384; baseline 0.009 -26"><span class='ocrx_word' id='word_1_199' title='bbox 531 3302 733 3381; x_wconf 89' lang='lat' dir='ltr'><strong>specie</strong></span> <span class='ocrx_word' id='word_1_200' title='bbox 765 3301 1035 3381; x_wconf 87' lang='lat' dir='ltr'><strong>ejusdem</strong></span> <span class='ocrx_word' id='word_1_201' title='bbox 1066 3305 1360 3380; x_wconf 82' lang='lat' dir='ltr'><strong>nominis,</strong></span> <span class='ocrx_word' id='word_1_202' title='bbox 1400 3305 1465 3365; x_wconf 89' lang='lat' dir='ltr'><strong>id</strong></span> <span class='ocrx_word' id='word_1_203' title='bbox 1501 3324 1867 3384; x_wconf 85' lang='lat' dir='ltr'><strong>magnopere</strong></span> <span class='ocrx_word' id='word_1_204' title='bbox 1900 3313 2225 3373; x_wconf 84' lang='lat' dir='ltr'><strong>confirma-</strong></span> 
     </span>
     <span class='ocr_line' id='line_1_31' title="bbox 528 3407 2224 3490; baseline 0.009 -26"><span class='ocrx_word' id='word_1_205' title='bbox 528 3407 713 3467; x_wconf 82' lang='lat' dir='ltr'><strong>batur</strong></span> <span class='ocrx_word' id='word_1_206' title='bbox 746 3429 820 3467; x_wconf 89' lang='lat' dir='ltr'><strong>eo</strong></span> <span class='ocrx_word' id='word_1_207' title='bbox 834 3451 855 3478; x_wconf 92' lang='lat'><em>,</em></span> <span class='ocrx_word' id='word_1_208' title='bbox 901 3411 1065 3486; x_wconf 88' lang='lat' dir='ltr'><strong>quod</strong></span> <span class='ocrx_word' id='word_1_209' title='bbox 1094 3410 1433 3478; x_wconf 86' lang='lat' dir='ltr'><strong>meridiana</strong></span> <span class='ocrx_word' id='word_1_210' title='bbox 1471 3411 1581 3469; x_wconf 90' lang='lat' dir='ltr'><strong>illa</strong></span> <span class='ocrx_word' id='word_1_211' title='bbox 1608 3413 1814 3490; x_wconf 84' lang='lat' dir='ltr'><strong>planta</strong></span> <span class='ocrx_word' id='word_1_212' title='bbox 1841 3416 2036 3475; x_wconf 89' lang='lat' dir='ltr'><strong>multo</strong></span> <span class='ocrx_word' id='word_1_213' title='bbox 2054 3441 2224 3478; x_wconf 85' lang='lat' dir='ltr'><strong>eras-</strong></span> 
     </span>
    </p>
   </div>
   <div class='ocr_carea' id='block_1_3' title="bbox 414 3512 2222 3593">
    <p class='ocr_par' dir='ltr' id='par_1_4' title="bbox 414 3512 2222 3593">
     <span class='ocr_line' id='line_1_32' title="bbox 414 3512 2222 3593; baseline 0.011 -27"><span class='ocrx_word' id='word_1_214' title='bbox 414 3541 427 3560; x_wconf 73' lang='lat'><em>:</em></span> <span class='ocrx_word' id='word_1_215' title='bbox 525 3512 657 3570; x_wconf 79' lang='lat' dir='ltr'><strong>sior</strong></span> <span class='ocrx_word' id='word_1_216' title='bbox 699 3524 832 3573; x_wconf 85' lang='lat' dir='ltr'><strong>erat</strong></span> <span class='ocrx_word' id='word_1_217' title='bbox 877 3525 1057 3593; x_wconf 86' lang='lat' dir='ltr'><strong>atque</strong></span> <span class='ocrx_word' id='word_1_218' title='bbox 1092 3515 1358 3575; x_wconf 83' lang='lat' dir='ltr'><strong>erectior</strong></span> <span class='ocrx_word' id='word_1_219' title='bbox 1395 3527 1457 3575; x_wconf 89' lang='lat' dir='ltr'><strong>et</strong></span> <span class='ocrx_word' id='word_1_220' title='bbox 1487 3516 1808 3576; x_wconf 82' lang='lat' dir='ltr'><strong>hirsutior.</strong></span> <span class='ocrx_word' id='word_1_221' title='bbox 1905 3524 1990 3580; x_wconf 89' lang='lat' dir='ltr'><strong>A.</strong></span> <span class='ocrx_word' id='word_1_222' title='bbox 2042 3529 2109 3584; x_wconf 88' lang='lat' dir='ltr'><em>V</em></span> <span class='ocrx_word' id='word_1_223' title='bbox 2102 3528 2222 3584; x_wconf 79' lang='lat' dir='ltr'><strong>alt-</strong></span> 
     </span>
    </p>
   </div>
   <div class='ocr_carea' id='block_1_4' title="bbox 524 3616 2222 3801">
    <p class='ocr_par' dir='ltr' id='par_1_5' title="bbox 524 3616 2222 3801">
     <span class='ocr_line' id='line_1_33' title="bbox 524 3616 2222 3696; baseline 0.009 -25"><span class='ocrx_word' id='word_1_224' title='bbox 524 3616 695 3673; x_wconf 81' lang='lat' dir='ltr'><strong>liano</strong></span> <span class='ocrx_word' id='word_1_225' title='bbox 719 3628 920 3678; x_wconf 89' lang='lat' dir='ltr'><strong>autem</strong></span> <span class='ocrx_word' id='word_1_226' title='bbox 951 3620 1239 3679; x_wconf 87' lang='lat' dir='ltr'><strong>herbario</strong></span> <span class='ocrx_word' id='word_1_227' title='bbox 1261 3666 1278 3696; x_wconf 90' lang='lat'><strong><em>,</em></strong></span> <span class='ocrx_word' id='word_1_228' title='bbox 1316 3641 1428 3680; x_wconf 92' lang='lat' dir='ltr'><strong>nec</strong></span> <span class='ocrx_word' id='word_1_229' title='bbox 1460 3642 1586 3680; x_wconf 84' lang='lat' dir='ltr'><strong>non</strong></span> <span class='ocrx_word' id='word_1_230' title='bbox 1608 3644 1643 3679; x_wconf 86' lang='lat' dir='ltr'><strong>a</strong></span> <span class='ocrx_word' id='word_1_231' title='bbox 1666 3623 2222 3687; x_wconf 75' lang='lat' dir='ltr'><strong>Sclmmachericmo</strong></span> 
     </span>
     <span class='ocr_line' id='line_1_34' title="bbox 524 3712 2221 3801; baseline 0.007 -21"><span class='ocrx_word' id='word_1_232' title='bbox 524 3712 653 3793; x_wconf 86' lang='lat' dir='ltr'><strong>(cui</strong></span> <span class='ocrx_word' id='word_1_233' title='bbox 700 3720 861 3781; x_wconf 85' lang='lat' dir='ltr'><strong>inest</strong></span> <span class='ocrx_word' id='word_1_234' title='bbox 907 3724 1339 3801; x_wconf 83' lang='lat' dir='ltr'><strong>specimen.ab</strong></span> <span class='ocrx_word' id='word_1_235' title='bbox 1386 3724 1523 3801; x_wconf 86' lang='lat' dir='ltr'><strong>ipso</strong></span> <span class='ocrx_word' id='word_1_236' title='bbox 1577 3727 1807 3786; x_wconf 79' lang='lat' dir='ltr'><strong>Valzllo</strong></span> <span class='ocrx_word' id='word_1_237' title='bbox 1850 3731 1928 3789; x_wconf 85' lang='lat' dir='ltr'><strong>ad</strong></span> <span class='ocrx_word' id='word_1_238' title='bbox 1968 3732 2221 3792; x_wconf 89' lang='lat' dir='ltr'><strong>Holbek</strong></span> 
     </span>
    </p>
   </div>
   <div class='ocr_carea' id='block_1_5' title="bbox 406 3819 2215 3912">
    <p class='ocr_par' dir='ltr' id='par_1_6' title="bbox 406 3819 2215 3912">
     <span class='ocr_line' id='line_1_35' title="bbox 406 3819 2215 3912; baseline 0.01 -36"><span class='ocrx_word' id='word_1_239' title='bbox 406 3873 417 3876; x_wconf 85' lang='lat'><strong>-</strong></span> <span class='ocrx_word' id='word_1_240' title='bbox 521 3819 881 3900; x_wconf 80' lang='lat' dir='ltr'><strong>Sjaellaudiae</strong></span> <span class='ocrx_word' id='word_1_241' title='bbox 909 3829 1127 3890; x_wconf 85' lang='lat' dir='ltr'><strong>urbem</strong></span> <span class='ocrx_word' id='word_1_242' title='bbox 1152 3826 1416 3912; x_wconf 86' lang='lat' dir='ltr'><strong>lectum)</strong></span> <span class='ocrx_word' id='word_1_243' title='bbox 1449 3830 1698 3892; x_wconf 85' lang='lat' dir='ltr'><strong>edoctus</strong></span> <span class='ocrx_word' id='word_1_244' title='bbox 1725 3852 1857 3891; x_wconf 87' lang='lat' dir='ltr'><strong>sum</strong></span> <span class='ocrx_word' id='word_1_245' title='bbox 1875 3877 1893 3909; x_wconf 87' lang='lat'><em>,</em></span> <span class='ocrx_word' id='word_1_246' title='bbox 1944 3833 2215 3912; x_wconf 87' lang='lat' dir='ltr'><strong>plantam</strong></span> 
     </span>
    </p>
   </div>
  </div>
 </body>
</html>
