2516 4231
1099 187 1533 249 ...10-

590 379 825 451 ¹Sturm.
871 375 1038 435 Flor.
1080 378 1289 438 Germ.
1320 378 1461 437 fasc.
1499 376 1597 445 36.
1692 377 1967 437 Mertens
2002 387 2064 438 et
2099 376 2280 439 Koch

598 481 764 539 Flor.
803 483 1009 541 Germ.
1040 483 1090 542 Ι.
1125 502 1186 559 p.
1219 480 1362 546 437.

726 586 856 662 Qui
882 583 987 645 has
1017 587 1260 647 ultimas
1293 588 1523 664 species
1552 588 1618 644 in
1652 585 1786 662 ipso
1818 584 1954 645 loco
1985 605 2279 663 perscru-

597 688 758 750 tatus
791 692 939 765 erit,
1000 691 1052 751 is
1068 734 1089 761 ,
1164 690 1313 749 licet
1355 691 1421 749 in
1466 689 1928 749 collectionibus
1957 690 2277 749 simillimae

596 793 720 850 sibi
748 795 1074 855 videantur
1104 794 1324 870 plantae
1340 838 1359 869 ,
1392 794 1505 854 vix
1534 794 1873 870 dubitabit,
1910 795 2058 873 quin
2086 794 2274 873 justas

596 897 854 965 efficiant
880 900 1128 974 speeies.
1519 957 1526 962 ,

722 1005 787 1062 S.
814 1005 1081 1084 glaucus·
1111 1000 1382 1060 omnium
1414 1001 1676 1061 maxime
1712 1006 1775 1062 S.
1794 1004 2054 1061 lacustri
2086 1002 2273 1061 affinis

595 1116 717 1181 est,
763 1105 871 1164 sed
899 1105 1103 1165 radice
1136 1114 1198 1166 et
1228 1105 1589 1182 genitalibus
1610 1106 1939 1164 certissime
1958 1105 2268 1165 abhorret.

597 1210 849 1284 scirpus
876 1214 1158 1288 trigonus
1192 1208 1381 1270 habet
1404 1210 1671 1271 culmum
1702 1210 2031 1286 trigonum,

701 1345 739 1358 -
868 1317 1163 1391 triqueter
1267 1348 1301 1361 -
1517 1347 1552 1362 -
1709 1313 2149 1390 triangularem
2210 1331 2264 1369 s.

1849 1417 2272 1476 tricarinatum

702 1550 741 1569 ι·
842 1564 849 1569 -
858 1540 1145 1598 pungens
1262 1554 1297 1564 -
1516 1551 1550 1564 -
1702 1519 2090 1596 triquetrum.

587 1624 874 1688 Priorum
931 1623 1249 1700 utriusque
1295 1622 1539 1700 spiculae
1583 1623 1766 1682 modo
1822 1631 1965 1704 sunt
2017 1624 2270 1700 sessiles,

589 1731 772 1791 modo
806 1727 1258 1807 pedunculatae3
1296 1711 1363 1785 in
1388 1712 1571 1805 tertia
1597 1728 1796 1804 specie
1822 1747 2063 1804 semper
2084 1729 2271 1788 sessi-

589 1836 680 1897 les
709 1843 867 1892 sunt.
944 1836 1006 1892 S.
1038 1836 1322 1910 trigonus
1349 1833 1616 1891 radicem
1645 1829 1827 1889 habet
1852 1831 2131 1905 validam,
2183 1831 2269 1889 li-

588 1957 833 2014 gnosam
851 1983 867 2012 ,
931 1944 1288 2013 repentem3
1352 1947 1612 2013 uterque
1652 1945 1855 1994 autem
1883 1935 2269 2013 reliquorum

589 2043 777 2119 magis
808 2040 1310 2100 chordaeformem
1335 2041 1601 2099 radicem
1628 2036 1826 2097 habet.
1923 2041 1987 2098 S.
2024 2044 2270 2118 trigono

587 2145 974 2205 involucrum
1007 2144 1433 2221 spathaeforme
1465 2145 1663 2203 simile
1693 2163 1865 2221 paene
1899 2154 1989 2204 est
2004 2154 2187 2223 atque
2203 2149 2268 2205 S.

590 2251 869 2322 lacustri,
916 2249 993 2307 ad
1024 2268 1205 2324 quem
1234 2251 1417 2309 etiam
1447 2247 1731 2309 universa
1748 2246 1874 2308 haec
1891 2249 2100 2327 planta
2115 2269 2271 2326 pro-

588 2353 727 2430 pius
763 2352 1028 2424 accedit3
1081 2352 1187 2410 sed
1219 2361 1477 2428 uterque
1511 2361 1855 2412 ceterorum
1887 2353 2274 2413 involucrum

586 2449 772 2514 habet
817 2456 885 2514 in
926 2455 1305 2531 triangulare
1337 2453 1522 2512 culmi
1565 2473 1817 2512 acumen
1857 2455 2089 2516 exiens.
2198 2458 2275 2515 In

474 2608 487 2618 κ
586 2560 775 2619 tertia
820 2560 1019 2638 specie
1073 2560 1263 2636 duplo
1298 2558 1538 2634 longius
1570 2567 1661 2615 est
1700 2576 1877 2633 quam
1902 2556 1969 2614 in
1994 2560 2273 2635 secunda,

589 2664 915 2741 eademque
945 2664 1113 2721 ratio'
1138 2672 1227 2722 est
1261 2649 1556 2721 foliorum
1585 2660 1974 2735 radicalium,
2014 2680 2279 2738 quorum

586 2767 771 2843 plura
811 2769 1046 2825 adsunt.
1148 2769 1420 2845 Squamae
1468 2775 1611 2824 sunt
1637 2768 1698 2824 S.
1720 2768 2029 2842 pungenti
2067 2765 2279 2827 nitidae

587 2890 657 2929 ac
704 2870 941 2944 badeae,
1005 2881 1067 2929 et
1102 2891 1297 2931 nervo
1332 2872 1658 2931 admodum
1688 2868 2011 2943 eminenti,
2060 2870 2170 2946 qui
2212 2870 2281 2932 in

587 2994 877 3036 mucrone
914 2967 1171 3052 desinit,
1217 2974 1509 3054 trajectas.
1581 2976 1830 3037 Priores
1849 2972 1971 3032 illae
1986 2974 2119 3033 duae
2135 2995 2279 3053 spe-

588 3081 712 3141 cies
752 3100 958 3140 semen
997 3079 1223 3141 habent
1270 3082 1413 3141 setis
1462 3082 1926 3152 circumdatum,
1977 3096 2105 3155 qvae
2138 3087 2279 3138 setae

588 3189 651 3246 S.
696 3189 1007 3264 pungenti
1053 3205 1307 3263 prorsus
1353 3186 1591 3245 desunt.
1696 3186 1787 3246 Ac
1833 3181 1987 3243 mihi
2035 3181 2279 3259 quidem

584 3288 859 3367 hacipsa
887 3311 994 3364 re,
1040 3309 1173 3366 quae
1201 3310 1237 3347 a
1269 3289 1442 3348 nullo
1474 3290 1773 3365 scriptore
1816 3295 2282 3346 commemorata

587 3403 710 3467 est,
755 3402 927 3453 tanto
959 3394 1191 3452 firmius
1221 3392 1552 3451 constituta
1591 3391 1715 3450 haec
1742 3388 1980 3465 species.
2007 3390 2272 3449 videtur.

711 3497 825 3555 Est
865 3490 933 3556 id
975 3508 1178 3558 autem
1221 3497 1289 3554 in
1318 3495 1540 3567 dubio,
1593 3504 1802 3555 utrum
1832 3493 2058 3571 species
2088 3495 2278 3554 Com-

586 3600 967 3661 mersoniana
1015 3622 1096 3660 ex
1122 3600 1331 3661 Insula
1363 3599 1666 3673 Franciae,
1733 3617 1863 3677 quas
1893 3597 1961 3657 in
1985 3596 2275 3658 herbario

586 3702 890 3764 Vahliano
917 3704 1094 3783 juxta
1125 3705 1326 3781 posita
1357 3714 1477 3778 est,
1524 3703 1645 3765 huc
1671 3704 2009 3781 pertineat,
2044 3689 2157 3761 nec
2175 3722 2275 3775 ne3

592 3806 773 3870 nimis
822 3819 914 3869 est
959 3807 1122 3872 enim
1163 3809 1229 3872 id
1261 3808 1604 3888 exemplum
1640 3827 1957 3878 mancum,
1998 3805 2097 3867 cui
2129 3807 2273 3884 qui-
