2516 4231
1007 152 1500 266 *syr-²

522 407 556 419 “·
642 397 809 456 Flor-
847 395 1163 457 Dan.'tab.
1205 394 1343 463 329.
1433 394 1612 473 Engl.
1644 394 1772 455 bot.
1807 392 1928 452 tab.
1965 392 2106 459 552.
2198 430 2204 436 ·

643 505 719 562 In
750 502 1038 578 glareosis
1073 504 1151 562 ad
1179 502 1331 563 litus
1366 501 1548 561 maris
1584 501 1804 560 Baltioi
1844 500 2005 561 circa
2040 503 2204 562 Hei-

521 604 886 682 h'genhaven
911 626 1107 681 rara,
1145 605 1557 682 copiosissima
1586 616 1786 664 autem
1811 605 1884 664 ..in
1915 607 2202 666 litoribus

486 724 489 727 '
527 721 703 775 extra
732 713 919 771 moles
940 711 1181 777 „relictis
1208 705 1712 792 (Aussendeiche)
1732 721 1793 769 et
1808 709 2021 771 insulis
2037 711 2203 770 Hol-

525 815 694 875 satiae
730 823 793 874 et
824 814 1107 892 Slesvici,
1146 826 1276 892 quae
1310 831 1586 874 occasum
1616 822 1910 892 spectant.
1937 844 1950 875 ς

649 920 826 981 Hanc
850 920 1120 996 plantam
1148 919 1450 981 diversam
1477 938 1604 981 esse
1633 929 1694 979 et
1721 940 1758 978 a
1778 923 1866 980 0.
1900 921 2206 997 officinali

531 1033 596 1084 et
639 1044 675 1082 a
707 1026 772 1083 C.
809 1024 1071 1096 danica,
1127 1026 1238 1084 vix
1261 1025 1493 1101 poterit
1519 1024 1773 1084 dubium
1810 1044 1972 1098 esse,
2020 1024 2205 1102 siquis

504 1125 632 1187 has
677 1128 905 1205 species
953 1129 1124 1189 vivas
1172 1129 1342 1189 inter*
1376 1149 1442 1189 se
1471 1130 1952 1209 comparaverit.
2060 1131 2209 1190 Non

528 1242 623 1292 est
653 1232 897 1309 quidem
922 1235 1303 1310 negandum„
1362 1232 1605 1293 difficile
1634 1252 1766 1293 esse
1792 1233 1859 1291 in
1897 1232 1990 1292 his
2022 1235 2206 1311 plau-

529 1337 608 1395 tis
635 1338 816 1396 utiles
847 1339 1218 1397 constituere
1249 1337 1560 1414 diagnoses
1576 1381 1595 1411 ,
1653 1338 1872 1414 quibus
1906 1348 2073 1399 recte
2105 1341 2206 1399 di-
2237 1411 2244 1419 ,

526 1442 725 1502 scerni
772 1442 1020 1519 possint.
1118 1444 1274 1503 Sunt
1318 1443 1480 1503 enim
1510 1462 1715 1503 omnes
1749 1464 1955 1528 earum
1984 1455 2207 1522 parteS,

527 1555 591 1605 et
621 1546 775 1605 folia
799 1547 1114 1625 imprimiS,
1156 1547 1763 1609 maximavariabiles
1781 1569 1799 1622 3
1843 1569 1964 1626 quo
1980 1548 2208 1608 factum

523 1661 644 1725 est,
691 1662 761 1711 ut
784 1654 1025 1730 -speoies
1054 1653 1413 1714 sinedubio
1437 1654 1684 1734 plures,
1733 1671 1912 1728 quam
1948 1659 2207 1726 oporte-
2248 1642 2256 1651 ¹

527 1754 660 1830 bat,
723 1756 1052 1832 propositae
1102 1757 1252 1813 sint:
1319 1775 1416 1813 ex.
1453 1775 1503 1812 c.
1557 1759 1623 1814 G.
1650 1756 2030 1832 pyrenaica,
2101 1754 2209 1811 οό-

529 1858 868 1934 lonngolia
884 1900 902 1931 ‚
985 1859 1344 1934 fenestrata
1361 1902 1390 1932 „.
1490 1857 1739 1935 ipsaque
1808 1859 2209 1935 groenlandc'-

498 1972 622 2018 ea.
728 1938 861 2038 Ego
908 1962 1192 2039 quidem,
1267 1968 1591 2041 postquam
1636 1961 1990 2021 vernaculas
2064 1982 2208 2038 spe-

524 2063 678 2141 cies,
728 2085 858 2143 quae
905 2076 1046 2126 sunt
1079 2070 1143 2127 G.
1183 2068 1521 2148 officinalis
1538 2108 1559 2135 ,
1616 2068 1908 2143 anglica,
1948 2066 2210 2138 danica,

526 2187 654 2228 non
701 2172 886 2231 modo
934 2171 1104 2231 vivas
1146 2182 1208 2234 et
1238 2176 1308 2234 in
1341 2172 1579 2231 duobus
1609 2172 1684 2230 de
1711 2169 2051 2230 Ducatibus
2087 2192 2208 2230 110-

531 2275 674 2334 stris
713 2286 773 2334 et
803 2276 870 2333 in
899 2276 1101 2336 Dan-ia
1133 2289 1291 2355 saep'e
1316 2275 1688 2351 examinavi,
1734 2276 1843 2334 sed
1877 2276 2058 2334 etiam
2092 2298 2206 2335 au·-

432 2435 437 2442 ,
523 2379 682 2439 xilio
700 2378 1140 2444 herbariorum
1164 2380 1598 2447 Hafniensium
1641 2380 2076 2440 ditissimorum
2121 2383 2209 2441 sic

521 2495 927 2563 persequutus
957 2508 1125 2564 sum,
1165 2498 1236 2548 ut
1273 2485 1513 2559 omnia,
1574 2501 1706 2561 quae
1741 2485 1985 2559 quidem
2016 2485 2087 2543 ea
2131 2488 2209 2547 de

522 2610 594 2650 re
625 2601 874 2668 possent
897 2593 1201 2671 reperiri,
1263 2587 1776 2668 comparaverim,
1799 2600 1804 2605 ’
1827 2608 1900 2646 eo
1932 2593 2207 2667 perveni,

524 2702 597 2753 ut
623 2714 979 2772 persuasum
1008 2697 1162 2760 mihi
1190 2698 1308 2769 sit,
1345 2706 1472 2758 tres
1507 2714 1604 2753 eas
1621 2738 1639 2768 ,
1685 2713 1816 2770 quae
1846 2714 1882 2753 a
1908 2714 2006 2770 me
2036 2696 2210 2755 dictae

526 2808 701 2872 sunt,
751 2821 928 2861 veras
972 2823 1102 2863 esse
1146 2802 1410 2881 species,
1471 2809 1670 2878 neque
1702 2808 2001 2876 praeterea
2033 2800 2207 2858 ullas,

527 2903 591 2961 N
596 2922 691 2963 am
727 2914 788 2963 et
822 2891 1009 2966 caulis
1036 2906 1401 2966 divisionem
1434 2914 1497 2965 et
1533 2905 1795 2966 formam
1826 2923 1895 2964 ac
1925 2904 2211 2964 substan-

524 3004 674 3065 tiam
699 3007 998 3068 foliorum
1027 3010 1361 3069 verisimile
1390 3018 1483 3068 est
1513 3009 1587 3068 ab
1615 3008 1790 3067 humi
1816 3016 2034 3067 natura
2053 3026 2213 3084 pen-

529 3111 710 3186 dere3
762 3132 894 3189 quae
937 3133 1060 3192 quo
1106 3114 1401 3191 pinguior
1444 3122 1567 3187 est,
1633 3134 1716 3174 eo
1749 3111 2115 3172 ramosiores
2151 3122 2215 3172 et
2257 3137 2264 3148 ··

528 3213 794 3294 majores
824 3214 980 3276 fiunt
1001 3205 1256 3296 plantat,
1304 3237 1378 3276 eo
1412 3219 1598 3295 magis
1627 3218 1867 3277 sinuata
1895 3216 2055 3276 solia
2071 3261 2089 3291 ‚
2138 3241 2212 3278 eo

528 3318 883 3382 venosiores
911 3321 1173 3399 denique
1199 3321 1547 3399 superficies
1572 3343 1802 3382 eorum.
1891 3323 2124 3381 Contra
2148 3323 2217 3382 in

523 3422 679 3483 locis
706 3426 884 3485 valde
917 3425 1105 3485 aridis
1137 3437 1200 3486 et
1229 3426 1541 3505 lapidosis,
1579 3428 1688 3486 ubi
1718 3428 1966 3504 plantae.
1997 3448 2213 3504 quem-

526 3529 854 3591 admodum
884 3530 955 3591 fit
979 3532 1046 3592 in
1078 3531 1443 3591 succulentis
1471 3533 1697 3609 plantis
1716 3576 1733 3606 ,
1781 3533 2218 3609 Atmosphaerae
2283 3611 2288 3616 .

523 3628 783 3693 humore
823 3638 1012 3713 magis
1054 3637 1338 3708 aluntur,
1365 3633 1701 3696 *breviores
1726 3635 1883 3696 fiunt
1913 3643 1981 3694 ac
2008 3638 2216 3695 mino-

526 3752 645 3811 res,
674 3736 829 3797 folia
841 3751 1046 3802 autem
1062 3740 1404 3816 integriora
1415 3750 1594 3817 atque
1616 3742 1983 3813 carnosiora3
2030 3750 2091 3798 et
2107 3762 2215 3797 so-

527 3835 661 3902 lent
704 3852 836 3906 tum
874 3845 1239 3930 plerumque
1287 3866 1361 3906 eo
1392 3839 1669 3926 majores
1702 3846 1982 3924 emittere
2008 3842 2212 3903 flores.

2251 4067 2330 4112 J
