2516 4231
1081 190 1515 256 ...20-

592 351 828 448 menter
860 404 1238 464 compressa,
1287 393 1461 445 acuto
1493 381 1793 460 carinata,
1839 382 2091 462 lignosa.
2189 390 2272 445 P.

600 492 1045 569 zosteroesolius
1080 501 1283 550 autem
1313 487 1420 546 has
1457 508 1585 565 prae
1614 509 1678 548 se
1707 487 1832 549 fert
1862 500 2062 549 notas:
2114 492 2277 548 Tota

594 598 803 675 planta
826 593 897 654 fit
927 596 1120 674 triplo
1158 593 1352 672 major
1379 594 1813 672 robustiorque
1830 638 1848 669 ,
1887 593 2040 651 folia
2056 638 2074 668 ‚
2109 614 2277 672 prae-

595 696 1145 774 sertiminferiora,
1200 686 1417 759 obtusa
1446 709 1604 774 sunt,
1631 698 1903 758 acumine
1928 719 2119 776 parvo
2151 699 2276 757 im-

597 802 831 882 posit03
892 801 1099 879 planta
1142 782 1369 861 flexilis
1413 805 1740 862 admodum
1785 823 1980 880 neque
2025 803 2273 880 fragilis.

597 907 841 967 Semina
887 916 1028 965 sunt
1075 907 1322 984 oblique
1366 907 2074 984 oblongo-lentiformia
2091 951 2111 977 ,
2159 909 2277 965 ob-

596 1025 733 1095 tuse
778 999 1076 1085 carinata,
1147 1012 1344 1071 minus
1389 1012 1641 1089 lignosa.
1762 1012 1941 1088 Spica
1990 1013 2277 1088 longiori,

476 1173 483 1179 .
579 1098 776 1194 vquam
805 1098 873 1174 in
891 1100 1237 1194 acutzfolio}
1280 1116 1627 1194 pedunculo
1646 1125 1707 1176 et
1720 1116 1904 1194 magis
1923 1116 2278 1174 multiflora.

332 1229 435 1295 84.
488 1224 1047 1315 Potamogeton
1078 1222 1488 1313 filzformis
1537 1242 1914 1291 PERsooN.
2254 1304 2258 1308 .

723 1344 806 1399 P.
841 1354 1140 1401 setae-eum
1173 1341 1577 1417 Schumacher
1609 1343 1836 1419 Enum.
1864 1344 1986 1402 No.
2023 1344 2144 1408 170
2172 1366 2286 1404 nee

597 1442 825 1503 Linnei
906 1464 1021 1502 nec
1078 1446 1350 1506 VVeberi
1416 1465 1528 1502 nec
1584 1444 1961 1504 Thuillierii.
2061 1452 2286 1509 Utrum

586 1547 720 1625 ‘huc
803 1547 1110 1623 pertineat
1192 1547 1643 1624 Wahlenber'gi
1742 1554 1825 1607 P.
1882 1554 2285 1625 pectinatum,

601 1651 939 1729 dijudicare
1011 1672 1137 1711 non
1212 1652 1429 1725 auden.
1570 1651 2075 1729 Deprehenditur
2155 1654 2285 1715 haec

596 1759 811 1837 planta
867 1759 936 1816 in
1001 1757 1279 1829 omnibus
1340 1755 1712 1841 Ducatibus2
1784 1757 1892 1819 sed
1937 1775 2173 1835 semper
2216 1761 2285 1820 in

605 1863 769 1921 dulci
847 1881 1001 1939 aqua
1067 1861 1168 1920 vel
1233 1859 1518 1936 lacubus,
1613 1878 1922 1937 nunquam
1981 1861 2060 1934 *in
2128 1863 2284 1922 salsa

604 1986 811 2043 aqua..
1373 1954 1378 1959 ’

732 2069 1058 2144 Nondum,
1107 2067 1272 2145 quod
1297 2066 1510 2140 sciam,
1549 2058 1853 2146 delineata
1886 2078 1992 2130 est.
2055 2070 2287 2131 Eadem

598 2179 643 2231 'a
659 2178 741 2233 P.
778 2179 1019 2233 marino
1052 2173 1312 2232 maxime
1344 2171 1569 2233 differt.
1662 2175 1738 2234 Id
1777 2151 1978 2235 autem
2003 2197 2163 2235 nunc
2183 2177 2288 2235 in-

611 2288 837 2336 tactum
881 2278 1164 2353 relinquo
1183 2321 1200 2351 ,
1227 2357 1233 2362 .
1265 2298 1412 2337 num
1442 2281 1624 2338 etiam
1659 2282 1742 2338 P.
1775 2284 2125 2358 pectinatus
2146 2292 2290 2340 tan-

604 2402 787 2461 quam
821 2381 1046 2459 species
1072 2401 1107 2436 a
1138 2384 1221 2437 P.
1254 2385 1496 2439 marino
1527 2384 1606 2439 sit
1638 2379 2113 2457 distinguendus.

739 2491 820 2546 P.
836 2485 1178 2562 filcformis
1215 2481 1391 2543 Pers.
1431 2477 1769 2543 verticillos
1802 2483 1986 2541 habet
2024 2495 2290 2544 remotos

536 2593 539 2598 ’
611 2591 866 2650 bissoros
902 2599 963 2648 et
992 2588 1218 2648 semina
1246 2588 1628 2647 subrotuncla
1663 2586 1916 2661 exigua,
1972 2608 2155 2664 quum
2189 2608 2291 2647 se-

612 2697 776 2754 mina
809 2700 892 2755 P.
927 2697 1161 2754 marini
1189 2693 1311 2751 sint
1342 2693 1444 2752 vel
1474 2702 1573 2750 ter
1604 2700 1771 2749 tanta
1788 2692 2095 2770 magisque
2123 2712 2293 2752 com-

612 2819 834 2877 pressa.

738 3198 986 3260 *Semina
1007 3198 1499 3275 Potamogetonis
1515 3198 1831 3282 nucularia
1850 3241 1867 3272 ,
1903 3213 2088 3272 quum
2108 3190 2301 3270 probe

617 3312 1076 3376 maturuerunt,
1135 3303 1205 3360 in
1241 3301 1414 3359 nulla
1459 3302 1641 3382 hujus
1674 3302 1911 3379 generis
1947 3298 2148 3375 specie
2179 3315 2303 3353 non
2393 3345 2396 3352 A

619 3406 913 3467 exhibent
972 3405 1325 3464 utilissimas
1376 3405 1750 3466 differentias
1771 3401 2107 3482 ..specificas
2124 3445 2142 3475 ,
2202 3397 2304 3456 vel

617 3512 820 3591 forma
862 3508 965 3569 vel
1020 3509 1362 3572 ,substantia
1405 3511 1510 3569 vel
1555 3511 1680 3569 situ
1735 3507 2107 3585 embryoniS.
2212 3506 2308 3563 Ita

617 3619 697 3673 P.
737 3616 1063 3692 praelongo
1106 3614 1343 3674 fructus
1385 3624 1529 3672 sunt
1562 3614 1830 3672 omnium
1861 3610 2124 3686 *maximi
2159 3629 2306 3667 acu-

608 3717 962 3794 tissimeque
1005 3718 1291 3791 carinati3
1355 3722 1438 3777 P.
1484 3719 1821 3798 rufescenti
1870 3727 1932 3777 et
1977 3713 2310 3790 ,acutcfolio

616 3819 928 3890 ,dm-issimi
959 3832 1021 3882 et
1046 3843 1245 3903 prope
1278 3823 1467 3898 ossei3
1513 3823 1580 3883 in
1615 3823 1825 3884 fructu
1851 3827 1932 3883 P.
1966 3821 2141 3878 densi
2176 3835 2310 3876 em-
