<?xml version="1.0" encoding="UTF-8"?>
<!DOCTYPE html PUBLIC "-//W3C//DTD XHTML 1.0 Transitional//EN"
    "http://www.w3.org/TR/xhtml1/DTD/xhtml1-transitional.dtd">
<html xmlns="http://www.w3.org/1999/xhtml" xml:lang="en" lang="en">
 <head>
  <title>
</title>
<meta http-equiv="Content-Type" content="text/html;charset=utf-8" />
  <meta name='ocr-system' content='tesseract 3.04.00' />
  <meta name='ocr-capabilities' content='ocr_page ocr_carea ocr_par ocr_line ocrx_word'/>
</head>
<body>
  <div class='ocr_page' id='page_1' title='image "./novitiaefloraeh00noltgoog_0043.png"; bbox 0 0 2516 4231; ppageno 0'>
   <div class='ocr_carea' id='block_1_1' title="bbox 219 382 2232 2665">
    <p class='ocr_par' dir='ltr' id='par_1_1' title="bbox 219 382 1274 478">
     <span class='ocr_line' id='line_1_1' title="bbox 219 382 1274 478; baseline -0.009 -18"><span class='ocrx_word' id='word_1_1' title='bbox 219 394 328 461; x_wconf 87' lang='lat'><strong>66.</strong></span> <span class='ocrx_word' id='word_1_2' title='bbox 387 384 702 458; x_wconf 81' lang='lat' dir='ltr'><strong>Galium</strong></span> <span class='ocrx_word' id='word_1_3' title='bbox 741 382 1123 478; x_wconf 82' lang='lat' dir='ltr'><strong>pusillum</strong></span> <span class='ocrx_word' id='word_1_4' title='bbox 1164 401 1274 452; x_wconf 73' lang='lat' dir='ltr'><strong>L..</strong></span> 
     </span>
    </p>

    <p class='ocr_par' dir='ltr' id='par_1_2' title="bbox 486 498 2162 686">
     <span class='ocr_line' id='line_1_2' title="bbox 609 498 2162 579; baseline -0.003 -14"><span class='ocrx_word' id='word_1_5' title='bbox 609 507 686 566; x_wconf 91' lang='lat' dir='ltr'><strong>In</strong></span> <span class='ocrx_word' id='word_1_6' title='bbox 710 503 979 563; x_wconf 80' lang='lat' dir='ltr'><strong>arenosis</strong></span> <span class='ocrx_word' id='word_1_7' title='bbox 1005 501 1295 562; x_wconf 82' lang='lat' dir='ltr'><strong>litoribus</strong></span> <span class='ocrx_word' id='word_1_8' title='bbox 1320 500 1657 560; x_wconf 77' lang='lat' dir='ltr'><strong>insularum</strong></span> <span class='ocrx_word' id='word_1_9' title='bbox 1681 498 2162 579; x_wconf 87' lang='lat' dir='ltr'><strong>occidentalium,</strong></span> 
     </span>
     <span class='ocr_line' id='line_1_3' title="bbox 486 605 1283 686; baseline -0.006 -17"><span class='ocrx_word' id='word_1_10' title='bbox 486 629 526 669; x_wconf 82' lang='lat' dir='ltr'><strong>a</strong></span> <span class='ocrx_word' id='word_1_11' title='bbox 554 610 762 669; x_wconf 62' lang='lat' dir='ltr'><strong>Fansse</strong></span> <span class='ocrx_word' id='word_1_12' title='bbox 791 627 985 686; x_wconf 80' lang='lat' dir='ltr'><strong>usque</strong></span> <span class='ocrx_word' id='word_1_13' title='bbox 1014 608 1094 666; x_wconf 80' lang='lat' dir='ltr'><strong>ad</strong></span> <span class='ocrx_word' id='word_1_14' title='bbox 1124 605 1283 685; x_wconf 80' lang='lat' dir='ltr'><strong>sylt.</strong></span> 
     </span>
    </p>

    <p class='ocr_par' dir='ltr' id='par_1_3' title="bbox 614 710 1348 777">
     <span class='ocr_line' id='line_1_4' title="bbox 614 710 1348 777; baseline 0.004 -6"><span class='ocrx_word' id='word_1_15' title='bbox 614 713 783 772; x_wconf 89' lang='lat' dir='ltr'><strong>Flor.</strong></span> <span class='ocrx_word' id='word_1_16' title='bbox 819 713 981 771; x_wconf 79' lang='lat' dir='ltr'><strong>Dan.</strong></span> <span class='ocrx_word' id='word_1_17' title='bbox 1006 712 1129 777; x_wconf 75' lang='lat' dir='ltr'><strong>tab,</strong></span> <span class='ocrx_word' id='word_1_18' title='bbox 1162 710 1348 776; x_wconf 82' lang='lat'><strong>1866.</strong></span> 
     </span>
    </p>

    <p class='ocr_par' dir='ltr' id='par_1_4' title="bbox 488 813 2232 1000">
     <span class='ocr_line' id='line_1_5' title="bbox 614 813 2232 897; baseline 0.002 -21"><span class='ocrx_word' id='word_1_19' title='bbox 614 818 830 879; x_wconf 81' lang='lat' dir='ltr'><strong>Planta</strong></span> <span class='ocrx_word' id='word_1_20' title='bbox 864 817 1126 876; x_wconf 80' lang='lat' dir='ltr'><strong>maxime</strong></span> <span class='ocrx_word' id='word_1_21' title='bbox 1158 813 1471 897; x_wconf 55' lang='lat' dir='ltr'><strong>variabilis</strong></span> <span class='ocrx_word' id='word_1_22' title='bbox 1488 854 1511 884; x_wconf 86' lang='lat'><em>,</em></span> <span class='ocrx_word' id='word_1_23' title='bbox 1570 832 1702 891; x_wconf 79' lang='lat' dir='ltr'><strong>quae</strong></span> <span class='ocrx_word' id='word_1_24' title='bbox 1746 833 1872 875; x_wconf 86' lang='lat' dir='ltr'><strong>non</strong></span> <span class='ocrx_word' id='word_1_25' title='bbox 1901 818 2158 879; x_wconf 84' lang='lat' dir='ltr'><strong>multum</strong></span> <span class='ocrx_word' id='word_1_26' title='bbox 2225 833 2232 840; x_wconf 86' lang='lat'>&#39;</span> 
     </span>
     <span class='ocr_line' id='line_1_6' title="bbox 488 920 1882 1000; baseline -0.003 -18"><span class='ocrx_word' id='word_1_27' title='bbox 488 923 657 982; x_wconf 87' lang='lat' dir='ltr'><strong>abest</strong></span> <span class='ocrx_word' id='word_1_28' title='bbox 688 923 762 980; x_wconf 88' lang='lat' dir='ltr'><strong>ab</strong></span> <span class='ocrx_word' id='word_1_29' title='bbox 781 923 1110 1000; x_wconf 75' lang='lat' dir='ltr'><strong>Asper-alce</strong></span> <span class='ocrx_word' id='word_1_30' title='bbox 1151 920 1384 981; x_wconf 81' lang='lat' dir='ltr'><strong>habitu·</strong></span> <span class='ocrx_word' id='word_1_31' title='bbox 1875 936 1882 939; x_wconf 87' lang='grc'><strong>’</strong></span> 
     </span>
    </p>

    <p class='ocr_par' dir='ltr' id='par_1_5' title="bbox 488 1019 2163 1422">
     <span class='ocr_line' id='line_1_7' title="bbox 610 1019 2163 1104; baseline -0.001 -18"><span class='ocrx_word' id='word_1_32' title='bbox 610 1027 803 1086; x_wconf 83' lang='grc' dir='ltr'>Μοᾶο</span> <span class='ocrx_word' id='word_1_33' title='bbox 851 1026 1061 1104; x_wconf 74' lang='lat' dir='ltr'><strong>glabra</strong></span> <span class='ocrx_word' id='word_1_34' title='bbox 1108 1025 1457 1103; x_wconf 83' lang='lat' dir='ltr'><strong>reperitur,</strong></span> <span class='ocrx_word' id='word_1_35' title='bbox 1537 1021 1730 1085; x_wconf 73' lang='lat' dir='ltr'><strong>modo</strong></span> <span class='ocrx_word' id='word_1_36' title='bbox 1771 1019 2163 1085; x_wconf 84' lang='lat' dir='ltr'><strong>vehementer</strong></span> 
     </span>
     <span class='ocr_line' id='line_1_8' title="bbox 488 1125 2163 1209; baseline -0.001 -19"><span class='ocrx_word' id='word_1_37' title='bbox 488 1131 854 1209; x_wconf 85' lang='lat' dir='ltr'>pubescens,</span> <span class='ocrx_word' id='word_1_38' title='bbox 916 1131 1214 1189; x_wconf 86' lang='lat' dir='ltr'><strong>foliorum</strong></span> <span class='ocrx_word' id='word_1_39' title='bbox 1251 1127 1624 1206; x_wconf 77' lang='lat' dir='ltr'><strong>marginibus</strong></span> <span class='ocrx_word' id='word_1_40' title='bbox 1653 1125 1836 1184; x_wconf 85' lang='lat' dir='ltr'><strong>modo</strong></span> <span class='ocrx_word' id='word_1_41' title='bbox 1861 1127 2163 1187; x_wconf 83' lang='lat' dir='ltr'><strong>subrevo-</strong></span> 
     </span>
     <span class='ocr_line' id='line_1_9' title="bbox 493 1215 2160 1317; baseline -0.001 -25"><span class='ocrx_word' id='word_1_42' title='bbox 493 1233 640 1293; x_wconf 80' lang='lat' dir='ltr'><strong>lutis</strong></span> <span class='ocrx_word' id='word_1_43' title='bbox 675 1244 736 1293; x_wconf 92' lang='lat' dir='ltr'><strong>et</strong></span> <span class='ocrx_word' id='word_1_44' title='bbox 767 1215 1210 1317; x_wconf 74' lang='lat' dir='ltr'><strong>integerrimi8‚</strong></span> <span class='ocrx_word' id='word_1_45' title='bbox 1257 1234 1440 1292; x_wconf 87' lang='lat' dir='ltr'><strong>modo</strong></span> <span class='ocrx_word' id='word_1_46' title='bbox 1476 1229 1784 1289; x_wconf 83' lang='lat' dir='ltr'><strong>subtiliter</strong></span> <span class='ocrx_word' id='word_1_47' title='bbox 1815 1232 2160 1309; x_wconf 82' lang='lat' dir='ltr'><strong>serrulatis3</strong></span> 
     </span>
     <span class='ocr_line' id='line_1_10' title="bbox 496 1334 2163 1422; baseline 0.002 -29"><span class='ocrx_word' id='word_1_48' title='bbox 496 1338 682 1396; x_wconf 79' lang='lat' dir='ltr'><strong>caulis</strong></span> <span class='ocrx_word' id='word_1_49' title='bbox 711 1347 914 1396; x_wconf 87' lang='lat' dir='ltr'><strong>tamen</strong></span> <span class='ocrx_word' id='word_1_50' title='bbox 946 1334 1250 1422; x_wconf 60' lang='lat' dir='ltr'><strong>nunquam</strong></span> <span class='ocrx_word' id='word_1_51' title='bbox 1280 1356 1455 1414; x_wconf 85' lang='lat' dir='ltr'><strong>asper</strong></span> <span class='ocrx_word' id='word_1_52' title='bbox 1481 1344 1666 1394; x_wconf 87' lang='lat' dir='ltr'><strong>tactu.</strong></span> <span class='ocrx_word' id='word_1_53' title='bbox 1741 1335 1944 1394; x_wconf 87' lang='lat' dir='ltr'><strong>Etiam</strong></span> <span class='ocrx_word' id='word_1_54' title='bbox 1961 1335 2163 1397; x_wconf 70' lang='lat' dir='ltr'><strong>forma</strong></span> 
     </span>
    </p>

    <p class='ocr_par' dir='ltr' id='par_1_6' title="bbox 458 1441 2164 1523">
     <span class='ocr_line' id='line_1_11' title="bbox 458 1441 2164 1523; baseline 0.002 -26"><span class='ocrx_word' id='word_1_55' title='bbox 458 1442 713 1500; x_wconf 37' lang='lat' dir='ltr'><strong>&#39;mirum</strong></span> <span class='ocrx_word' id='word_1_56' title='bbox 746 1442 815 1523; x_wconf 77' lang='lat' dir='ltr'><strong>in</strong></span> <span class='ocrx_word' id='word_1_57' title='bbox 847 1443 1095 1503; x_wconf 87' lang='lat' dir='ltr'><strong>modum</strong></span> <span class='ocrx_word' id='word_1_58' title='bbox 1122 1443 1362 1502; x_wconf 85' lang='lat' dir='ltr'><strong>variant</strong></span> <span class='ocrx_word' id='word_1_59' title='bbox 1391 1441 1544 1500; x_wconf 77' lang='lat' dir='ltr'><strong>folia</strong></span> <span class='ocrx_word' id='word_1_60' title='bbox 1562 1487 1579 1520; x_wconf 85' lang='lat'>‚</span> <span class='ocrx_word' id='word_1_61' title='bbox 1633 1441 1708 1500; x_wconf 90' lang='lat' dir='ltr'><strong>ab</strong></span> <span class='ocrx_word' id='word_1_62' title='bbox 1741 1451 1992 1518; x_wconf 85' lang='lat' dir='ltr'><strong>angusta</strong></span> <span class='ocrx_word' id='word_1_63' title='bbox 2019 1444 2164 1511; x_wconf 77' lang='lat' dir='ltr'><strong>inde</strong></span> 
     </span>
    </p>

    <p class='ocr_par' dir='ltr' id='par_1_7' title="bbox 487 1544 2165 2246">
     <span class='ocr_line' id='line_1_12' title="bbox 491 1544 2164 1624; baseline 0.002 -23"><span class='ocrx_word' id='word_1_64' title='bbox 491 1544 691 1605; x_wconf 86' lang='lat' dir='ltr'><strong>forma</strong></span> <span class='ocrx_word' id='word_1_65' title='bbox 734 1566 925 1624; x_wconf 86' lang='lat' dir='ltr'><strong>usque</strong></span> <span class='ocrx_word' id='word_1_66' title='bbox 970 1549 1048 1608; x_wconf 82' lang='lat' dir='ltr'><strong>ad</strong></span> <span class='ocrx_word' id='word_1_67' title='bbox 1105 1546 1290 1607; x_wconf 86' lang='lat' dir='ltr'><strong>latam</strong></span> <span class='ocrx_word' id='word_1_68' title='bbox 1335 1546 1751 1624; x_wconf 85' lang='lat' dir='ltr'><strong>spathulatam.</strong></span> <span class='ocrx_word' id='word_1_69' title='bbox 1875 1546 2164 1606; x_wconf 84' lang='lat' dir='ltr'><strong>Ceterum</strong></span> 
     </span>
     <span class='ocr_line' id='line_1_13' title="bbox 491 1650 2161 1729; baseline 0.002 -23"><span class='ocrx_word' id='word_1_70' title='bbox 491 1669 696 1709; x_wconf 88' lang='lat' dir='ltr'><strong>omnes</strong></span> <span class='ocrx_word' id='word_1_71' title='bbox 728 1650 861 1709; x_wconf 83' lang='lat' dir='ltr'><strong>fere</strong></span> <span class='ocrx_word' id='word_1_72' title='bbox 890 1651 1188 1727; x_wconf 68' lang='lat' dir='ltr'><strong>indigenas</strong></span> <span class='ocrx_word' id='word_1_73' title='bbox 1223 1651 1482 1729; x_wconf 74' lang='lat' dir='ltr'><strong>specie8‚</strong></span> <span class='ocrx_word' id='word_1_74' title='bbox 1530 1660 1600 1709; x_wconf 90' lang='lat' dir='ltr'><strong>ut</strong></span> <span class='ocrx_word' id='word_1_75' title='bbox 1633 1654 1711 1709; x_wconf 83' lang='lat' dir='ltr'><strong>G.</strong></span> <span class='ocrx_word' id='word_1_76' title='bbox 1743 1671 1993 1719; x_wconf 73' lang='lat' dir='ltr'><strong>verum,</strong></span> <span class='ocrx_word' id='word_1_77' title='bbox 2031 1654 2161 1728; x_wconf 82' lang='lat' dir='ltr'><strong>syl-</strong></span> 
     </span>
     <span class='ocr_line' id='line_1_14' title="bbox 487 1753 2163 1829; baseline -0.001 -17"><span class='ocrx_word' id='word_1_78' title='bbox 487 1757 777 1821; x_wconf 67' lang='lat' dir='ltr'><strong>vaticum,</strong></span> <span class='ocrx_word' id='word_1_79' title='bbox 809 1753 1116 1829; x_wconf 74' lang='lat' dir='ltr'><strong>MollugO,</strong></span> <span class='ocrx_word' id='word_1_80' title='bbox 1145 1754 1403 1821; x_wconf 84' lang='lat' dir='ltr'><strong>boreale,</strong></span> <span class='ocrx_word' id='word_1_81' title='bbox 1431 1755 1736 1828; x_wconf 73' lang='lat' dir='ltr'><strong>palustre,</strong></span> <span class='ocrx_word' id='word_1_82' title='bbox 1766 1754 1900 1829; x_wconf 75' lang='lat' dir='ltr'><strong>alig</strong></span> <span class='ocrx_word' id='word_1_83' title='bbox 1866 1756 2163 1824; x_wconf 63' lang='lat' dir='ltr'><strong>vinosum,</strong></span> 
     </span>
     <span class='ocr_line' id='line_1_15' title="bbox 489 1847 2159 1932; baseline 0 -18"><span class='ocrx_word' id='word_1_84' title='bbox 489 1859 791 1925; x_wconf 72' lang='lat' dir='ltr'><strong>saxatile,</strong></span> <span class='ocrx_word' id='word_1_85' title='bbox 852 1864 914 1912; x_wconf 89' lang='lat' dir='ltr'><strong>et</strong></span> <span class='ocrx_word' id='word_1_86' title='bbox 945 1854 1169 1930; x_wconf 78' lang='lat' dir='ltr'><strong>glabrae</strong></span> <span class='ocrx_word' id='word_1_87' title='bbox 1216 1865 1279 1914; x_wconf 89' lang='lat' dir='ltr'><strong>et</strong></span> <span class='ocrx_word' id='word_1_88' title='bbox 1313 1855 1712 1932; x_wconf 81' lang='lat' dir='ltr'><strong>pubescentes</strong></span> <span class='ocrx_word' id='word_1_89' title='bbox 1746 1847 2159 1930; x_wconf 83' lang='lat' dir='ltr'><strong>reperiuntur.</strong></span> 
     </span>
     <span class='ocr_line' id='line_1_16' title="bbox 488 1956 2162 2036; baseline 0 -17"><span class='ocrx_word' id='word_1_90' title='bbox 488 1959 590 2019; x_wconf 84' lang='lat' dir='ltr'><strong>Ex</strong></span> <span class='ocrx_word' id='word_1_91' title='bbox 619 1959 922 2020; x_wconf 77' lang='lat' dir='ltr'><strong>fructibus</strong></span> <span class='ocrx_word' id='word_1_92' title='bbox 958 1957 1317 2018; x_wconf 85' lang='lat' dir='ltr'><strong>divisionem</strong></span> <span class='ocrx_word' id='word_1_93' title='bbox 1353 1956 1537 2036; x_wconf 86' lang='lat' dir='ltr'><strong>hujus</strong></span> <span class='ocrx_word' id='word_1_94' title='bbox 1564 1959 1800 2035; x_wconf 79' lang='lat' dir='ltr'><strong>generis</strong></span> <span class='ocrx_word' id='word_1_95' title='bbox 1825 1957 2162 2035; x_wconf 87' lang='lat' dir='ltr'><strong>instituere,</strong></span> 
     </span>
     <span class='ocr_line' id='line_1_17' title="bbox 489 2052 2165 2140; baseline 0 -17"><span class='ocrx_word' id='word_1_96' title='bbox 489 2065 750 2124; x_wconf 88' lang='lat' dir='ltr'><strong>multum</strong></span> <span class='ocrx_word' id='word_1_97' title='bbox 796 2060 980 2123; x_wconf 84' lang='lat' dir='ltr'><strong>habet</strong></span> <span class='ocrx_word' id='word_1_98' title='bbox 1022 2063 1274 2140; x_wconf 82' lang='lat' dir='ltr'><strong>incerti,</strong></span> <span class='ocrx_word' id='word_1_99' title='bbox 1354 2081 1539 2140; x_wconf 89' lang='lat' dir='ltr'><strong>quum</strong></span> <span class='ocrx_word' id='word_1_100' title='bbox 1574 2052 1772 2138; x_wconf 69' lang='lat' dir='ltr'><strong>ipsum</strong></span> <span class='ocrx_word' id='word_1_101' title='bbox 1808 2064 1883 2122; x_wconf 83' lang='lat' dir='ltr'><strong>G.</strong></span> <span class='ocrx_word' id='word_1_102' title='bbox 1931 2063 2165 2123; x_wconf 77' lang='lat' dir='ltr'><strong>boreale</strong></span> 
     </span>
     <span class='ocr_line' id='line_1_18' title="bbox 491 2161 1684 2246; baseline -0.004 -20"><span class='ocrx_word' id='word_1_103' title='bbox 491 2170 671 2246; x_wconf 86' lang='lat' dir='ltr'><strong>plane</strong></span> <span class='ocrx_word' id='word_1_104' title='bbox 700 2169 952 2226; x_wconf 84' lang='lat' dir='ltr'><strong>laevibus</strong></span> <span class='ocrx_word' id='word_1_105' title='bbox 980 2161 1285 2226; x_wconf 88' lang='lat' dir='ltr'><strong>fructibus</strong></span> <span class='ocrx_word' id='word_1_106' title='bbox 1319 2166 1684 2224; x_wconf 83' lang='lat' dir='ltr'><strong>inveniatur.</strong></span> 
     </span>
    </p>

    <p class='ocr_par' dir='ltr' id='par_1_8' title="bbox 497 2269 2168 2436">
     <span class='ocr_line' id='line_1_19' title="bbox 616 2269 2168 2332; baseline 0 -2"><span class='ocrx_word' id='word_1_107' title='bbox 616 2273 869 2330; x_wconf 79' lang='lat' dir='ltr'><strong>Naturae</strong></span> <span class='ocrx_word' id='word_1_108' title='bbox 902 2270 1267 2329; x_wconf 87' lang='lat' dir='ltr'><strong>conveniens</strong></span> <span class='ocrx_word' id='word_1_109' title='bbox 1300 2269 1547 2328; x_wconf 86' lang='lat' dir='ltr'><strong>videtur</strong></span> <span class='ocrx_word' id='word_1_110' title='bbox 1580 2269 1707 2329; x_wconf 82' lang='lat' dir='ltr'><strong>Cel.</strong></span> <span class='ocrx_word' id='word_1_111' title='bbox 1741 2269 1962 2331; x_wconf 84' lang='lat' dir='ltr'><strong>Friesii</strong></span> <span class='ocrx_word' id='word_1_112' title='bbox 2001 2271 2168 2332; x_wconf 82' lang='lat' dir='ltr'><strong>divi-</strong></span> 
     </span>
     <span class='ocr_line' id='line_1_20' title="bbox 497 2375 700 2436; baseline 0.01 -2"><span class='ocrx_word' id='word_1_113' title='bbox 497 2375 589 2434; x_wconf 84' lang='lat' dir='ltr'><strong>sio</strong></span> <span class='ocrx_word' id='word_1_114' title='bbox 633 2376 700 2436; x_wconf 88' lang='lat' dir='ltr'><strong>in</strong></span> 
     </span>
    </p>

    <p class='ocr_par' dir='ltr' id='par_1_9' title="bbox 580 2477 2042 2665">
     <span class='ocr_line' id='line_1_21' title="bbox 586 2477 2042 2562; baseline -0.003 -20"><span class='ocrx_word' id='word_1_115' title='bbox 586 2480 654 2562; x_wconf 80' lang='lat'><strong>1)</strong></span> <span class='ocrx_word' id='word_1_116' title='bbox 681 2479 1031 2552; x_wconf 87' lang='lat' dir='ltr'><strong>Pratensia,</strong></span> <span class='ocrx_word' id='word_1_117' title='bbox 1066 2477 1275 2537; x_wconf 86' lang='lat' dir='ltr'><strong>radice</strong></span> <span class='ocrx_word' id='word_1_118' title='bbox 1307 2486 1594 2553; x_wconf 83' lang='lat' dir='ltr'><strong>repente,</strong></span> <span class='ocrx_word' id='word_1_119' title='bbox 1642 2481 1933 2555; x_wconf 90' lang='lat' dir='ltr'><strong>perenni,</strong></span> <span class='ocrx_word' id='word_1_120' title='bbox 1980 2489 2042 2539; x_wconf 90' lang='lat' dir='ltr'><strong>et</strong></span> 
     </span>
     <span class='ocr_line' id='line_1_22' title="bbox 580 2577 1778 2665; baseline -0.003 -22"><span class='ocrx_word' id='word_1_121' title='bbox 580 2584 650 2665; x_wconf 85' lang='lat'><strong>2)</strong></span> <span class='ocrx_word' id='word_1_122' title='bbox 682 2587 1000 2661; x_wconf 83' lang='lat' dir='ltr'><strong>Arvensia,</strong></span> <span class='ocrx_word' id='word_1_123' title='bbox 1036 2583 1242 2641; x_wconf 87' lang='lat' dir='ltr'><strong>radice</strong></span> <span class='ocrx_word' id='word_1_124' title='bbox 1272 2577 1529 2650; x_wconf 83' lang='lat' dir='ltr'><strong>fibrosa,</strong></span> <span class='ocrx_word' id='word_1_125' title='bbox 1563 2600 1778 2640; x_wconf 86' lang='lat' dir='ltr'><strong>annua.</strong></span> 
     </span>
    </p>
   </div>
   <div class='ocr_carea' id='block_1_2' title="bbox 233 2689 1198 2784">
    <p class='ocr_par' dir='ltr' id='par_1_10' title="bbox 233 2689 1198 2784">
     <span class='ocr_line' id='line_1_23' title="bbox 233 2689 1198 2784; baseline -0.004 -23"><span class='ocrx_word' id='word_1_126' title='bbox 233 2697 334 2762; x_wconf 81' lang='lat'><strong>67.</strong></span> <span class='ocrx_word' id='word_1_127' title='bbox 395 2691 710 2761; x_wconf 76' lang='lat' dir='ltr'><strong>Goliam</strong></span> <span class='ocrx_word' id='word_1_128' title='bbox 741 2689 1094 2784; x_wconf 77' lang='lat' dir='ltr'><strong>Mollugo</strong></span> <span class='ocrx_word' id='word_1_129' title='bbox 1124 2708 1198 2757; x_wconf 86' lang='lat' dir='ltr'><strong>L.</strong></span> 
     </span>
    </p>
   </div>
   <div class='ocr_carea' id='block_1_3' title="bbox 234 2812 1427 3024">
    <p class='ocr_par' dir='ltr' id='par_1_11' title="bbox 234 2812 1406 3024">
     <span class='ocr_line' id='line_1_24' title="bbox 235 2812 1145 2883; baseline -0.003 -2"><span class='ocrx_word' id='word_1_130' title='bbox 235 2818 336 2883; x_wconf 86' lang='grc'>68.</span> <span class='ocrx_word' id='word_1_131' title='bbox 393 2813 711 2882; x_wconf 79' lang='lat' dir='ltr'><strong>Gatiam</strong></span> <span class='ocrx_word' id='word_1_132' title='bbox 744 2812 1046 2882; x_wconf 83' lang='lat' dir='ltr'><strong>boreale</strong></span> <span class='ocrx_word' id='word_1_133' title='bbox 1070 2830 1145 2879; x_wconf 82' lang='lat'><strong>1..</strong></span> 
     </span>
     <span class='ocr_line' id='line_1_25' title="bbox 234 2931 1427 3024; baseline -0.002 -23"><span class='ocrx_word' id='word_1_134' title='bbox 234 2937 337 3004; x_wconf 84' lang='lat'><strong>69</strong></span> <span class='ocrx_word' id='word_1_135' title='bbox 388 2931 729 3002; x_wconf 83' lang='lat' dir='ltr'><strong>Exacum</strong></span> <span class='ocrx_word' id='word_1_136' title='bbox 742 2932 1122 3024; x_wconf 64' lang='lat' dir='ltr'><strong>filiforme</strong></span> <span class='ocrx_word' id='word_1_137' title='bbox 1151 2948 1427 2999; x_wconf 78' lang='lat' dir='ltr'><strong>sMI‘rH.</strong></span> 
     </span>
    </p>
   </div>
   <div class='ocr_carea' id='block_1_4' title="bbox 234 3048 1883 3146">
    <p class='ocr_par' dir='ltr' id='par_1_12' title="bbox 234 3048 1883 3146">
     <span class='ocr_line' id='line_1_26' title="bbox 234 3048 1883 3146; baseline 0.001 -25"><span class='ocrx_word' id='word_1_138' title='bbox 234 3056 336 3121; x_wconf 79' lang='lat'><strong>70.</strong></span> <span class='ocrx_word' id='word_1_139' title='bbox 388 3052 785 3146; x_wconf 82' lang='lat' dir='ltr'><strong>Plantago</strong></span> <span class='ocrx_word' id='word_1_140' title='bbox 820 3050 1191 3122; x_wconf 84' lang='lat' dir='ltr'><strong>arenaria</strong></span> <span class='ocrx_word' id='word_1_141' title='bbox 1229 3069 1575 3120; x_wconf 81' lang='lat' dir='ltr'><strong>WALDs&#39;r</strong></span> <span class='ocrx_word' id='word_1_142' title='bbox 1611 3048 1683 3121; x_wconf 80' lang='lat'><strong>8&lt;</strong></span> <span class='ocrx_word' id='word_1_143' title='bbox 1716 3073 1883 3123; x_wconf 81' lang='grc' dir='ltr'>ΚΙΤ.</span> 
     </span>
    </p>
   </div>
   <div class='ocr_carea' id='block_1_5' title="bbox 493 3169 2171 3459">
    <p class='ocr_par' dir='ltr' id='par_1_13' title="bbox 493 3169 2171 3459">
     <span class='ocr_line' id='line_1_27' title="bbox 621 3169 2171 3251; baseline 0.001 -19"><span class='ocrx_word' id='word_1_144' title='bbox 621 3174 698 3232; x_wconf 86' lang='grc'><strong>111</strong></span> <span class='ocrx_word' id='word_1_145' title='bbox 712 3173 896 3231; x_wconf 85' lang='lat' dir='ltr'><strong>aridis</strong></span> <span class='ocrx_word' id='word_1_146' title='bbox 913 3169 1181 3230; x_wconf 85' lang='lat' dir='ltr'><strong>arenosis</strong></span> <span class='ocrx_word' id='word_1_147' title='bbox 1198 3189 1231 3226; x_wconf 86' lang='lat' dir='ltr'><strong>a</strong></span> <span class='ocrx_word' id='word_1_148' title='bbox 1250 3188 1492 3245; x_wconf 83' lang='lat' dir='ltr'><strong>campo:</strong></span> <span class='ocrx_word' id='word_1_149' title='bbox 1519 3173 1621 3229; x_wconf 75' lang='lat' dir='ltr'><strong>die</strong></span> <span class='ocrx_word' id='word_1_150' title='bbox 1634 3174 1773 3230; x_wconf 82' lang='lat' dir='ltr'><strong>Aue</strong></span> <span class='ocrx_word' id='word_1_151' title='bbox 1794 3172 1956 3231; x_wconf 88' lang='lat' dir='ltr'><strong>dicto</strong></span> <span class='ocrx_word' id='word_1_152' title='bbox 1976 3191 2171 3251; x_wconf 89' lang='lat' dir='ltr'><strong>prope</strong></span> 
     </span>
     <span class='ocr_line' id='line_1_28' title="bbox 493 3274 2171 3355; baseline 0.001 -20"><span class='ocrx_word' id='word_1_153' title='bbox 493 3276 973 3354; x_wconf 85' lang='lat' dir='ltr'><strong>Lauenburgum</strong></span> <span class='ocrx_word' id='word_1_154' title='bbox 989 3295 1179 3351; x_wconf 85' lang='lat' dir='ltr'><strong>usque</strong></span> <span class='ocrx_word' id='word_1_155' title='bbox 1199 3274 1275 3334; x_wconf 87' lang='lat' dir='ltr'><strong>ad</strong></span> <span class='ocrx_word' id='word_1_156' title='bbox 1294 3274 1682 3355; x_wconf 61' lang='lat' dir='ltr'><strong>Blankenese</strong></span> <span class='ocrx_word' id='word_1_157' title='bbox 1706 3285 1765 3336; x_wconf 88' lang='lat' dir='ltr'><strong>et</strong></span> <span class='ocrx_word' id='word_1_158' title='bbox 1784 3278 2014 3339; x_wconf 85' lang='lat' dir='ltr'><strong>Wedel</strong></span> <span class='ocrx_word' id='word_1_159' title='bbox 2035 3280 2171 3339; x_wconf 69' lang='lat' dir='ltr'><strong>ahia</strong></span> 
     </span>
     <span class='ocr_line' id='line_1_29' title="bbox 493 3378 1644 3459; baseline -0.002 -20"><span class='ocrx_word' id='word_1_160' title='bbox 493 3381 639 3440; x_wconf 85' lang='lat' dir='ltr'><strong>locis</strong></span> <span class='ocrx_word' id='word_1_161' title='bbox 686 3382 975 3459; x_wconf 78' lang='lat' dir='ltr'><strong>frequens</strong></span> <span class='ocrx_word' id='word_1_162' title='bbox 993 3426 1013 3455; x_wconf 86' lang='lat'>‚</span> <span class='ocrx_word' id='word_1_163' title='bbox 1060 3380 1192 3438; x_wconf 81' lang='lat' dir='ltr'><strong>aliis</strong></span> <span class='ocrx_word' id='word_1_164' title='bbox 1225 3398 1409 3456; x_wconf 83' lang='lat' dir='ltr'><strong>parce</strong></span> <span class='ocrx_word' id='word_1_165' title='bbox 1448 3378 1644 3446; x_wconf 79' lang='lat' dir='ltr'><strong>obvia.</strong></span> 
     </span>
    </p>
   </div>
   <div class='ocr_carea' id='block_1_6' title="bbox 233 3484 1391 3685">
    <p class='ocr_par' dir='ltr' id='par_1_14' title="bbox 233 3484 1391 3685">
     <span class='ocr_line' id='line_1_30' title="bbox 619 3484 1355 3548; baseline -0.005 -4"><span class='ocrx_word' id='word_1_166' title='bbox 619 3487 788 3544; x_wconf 79' lang='lat' dir='ltr'><strong>Flor.</strong></span> <span class='ocrx_word' id='word_1_167' title='bbox 820 3487 981 3546; x_wconf 88' lang='lat' dir='ltr'><strong>Dan.</strong></span> <span class='ocrx_word' id='word_1_168' title='bbox 1014 3484 1137 3543; x_wconf 85' lang='lat' dir='ltr'><strong>tab.</strong></span> <span class='ocrx_word' id='word_1_169' title='bbox 1175 3486 1355 3548; x_wconf 83' lang='grc'>1808.</span> 
     </span>
     <span class='ocr_line' id='line_1_31' title="bbox 233 3588 1391 3685; baseline 0.001 -25"><span class='ocrx_word' id='word_1_170' title='bbox 233 3594 334 3660; x_wconf 83' lang='grc'><strong>71.</strong></span> <span class='ocrx_word' id='word_1_171' title='bbox 387 3588 874 3683; x_wconf 76' lang='lat' dir='ltr'><strong>Epidemium</strong></span> <span class='ocrx_word' id='word_1_172' title='bbox 904 3592 1258 3685; x_wconf 75' lang='lat' dir='ltr'><strong>alpinum</strong></span> <span class='ocrx_word' id='word_1_173' title='bbox 1293 3593 1391 3661; x_wconf 81' lang='lat' dir='ltr'><strong>L*</strong></span> 
     </span>
    </p>
   </div>
   <div class='ocr_carea' id='block_1_7' title="bbox 500 3708 2173 3879">
    <p class='ocr_par' dir='ltr' id='par_1_15' title="bbox 500 3708 2173 3879">
     <span class='ocr_line' id='line_1_32' title="bbox 620 3708 2173 3790; baseline 0.001 -24"><span class='ocrx_word' id='word_1_174' title='bbox 620 3709 843 3785; x_wconf 83' lang='lat' dir='ltr'><strong>Magna</strong></span> <span class='ocrx_word' id='word_1_175' title='bbox 858 3709 1203 3788; x_wconf 85' lang='lat' dir='ltr'><strong>frequentia</strong></span> <span class='ocrx_word' id='word_1_176' title='bbox 1214 3721 1275 3771; x_wconf 87' lang='lat' dir='ltr'><strong>et</strong></span> <span class='ocrx_word' id='word_1_177' title='bbox 1289 3708 1460 3790; x_wconf 79' lang='lat' dir='ltr'><strong>quasi</strong></span> <span class='ocrx_word' id='word_1_178' title='bbox 1473 3717 1803 3785; x_wconf 80' lang='lat' dir='ltr'><strong>spontanea</strong></span> <span class='ocrx_word' id='word_1_179' title='bbox 1817 3709 1902 3767; x_wconf 86' lang='lat' dir='ltr'><strong>im</strong></span> <span class='ocrx_word' id='word_1_180' title='bbox 1914 3709 2173 3769; x_wconf 88' lang='lat' dir='ltr'><strong>Neuen-</strong></span> 
     </span>
     <span class='ocr_line' id='line_1_33' title="bbox 500 3812 1138 3879; baseline 0.009 -12"><span class='ocrx_word' id='word_1_181' title='bbox 500 3812 679 3871; x_wconf 81' lang='lat' dir='ltr'><strong>werk</strong></span> <span class='ocrx_word' id='word_1_182' title='bbox 713 3813 788 3874; x_wconf 82' lang='lat' dir='ltr'><strong>ad</strong></span> <span class='ocrx_word' id='word_1_183' title='bbox 822 3814 1138 3879; x_wconf 85' lang='lat' dir='ltr'><strong>Gottdorf.</strong></span> 
     </span>
    </p>
   </div>
  </div>
 </body>
</html>
