2516 4231
1091 189 1484 254 ...6-

711 387 830 445 Per
887 392 1013 445 tres
1061 384 1333 448 Ducatus
1389 394 1595 443 omnes
1656 402 1812 460 saepe
1880 383 2063 442 obvia
2123 402 2261 444 cum

586 489 853 549 :schoeno
895 488 1032 549 ιιῶο
1049 511 1074 561 ,·
1149 489 1490 565 praesertim
1527 487 1815 564 frequens
1861 487 1927 544 in
1972 486 2262 546 occiden-

590 593 701 651 tali
746 602 921 670 parte
954 593 1248 656 Holsatiae
1285 601 1346 651 et
1383 591 1634 651 Slesvici
1676 592 1864 669 inque
1913 590 2058 666 ipsis
2108 591 2260 650 adeo

578 696 841 771 insulis,
929 717 1061 775 quae
1121 715 1397 759 occasum
1462 705 1769 772 spectant,
1853 704 1923 754 ut
1969 696 2035 753 in
2081 696 2260 754 Rem.

592 802 923 864 Schoenum
963 805 1374 879 nigricantem
1400 800 1478 858 L.
1523 819 1560 858 a
1589 801 1871 862 Webero
1900 800 1966 857 in
1997 800 2263 859 Ducatia

592 904 707 965 bus
737 905 1175 983 deprehensum
1197 949 1213 978 ‚
1254 901 1656 979 popularibus
1685 904 1833 963 meis
1849 948 1867 978 ,
1925 904 2031 981 qui
2061 905 2261 963 denuo

593 1008 1025 1086 investigetur,
1069 1007 1465 1068 vehementer
1503 1009 1876 1065 commenda

334 1121 436 1186 13.
492 1112 808 1208 Scirpus
838 1113 1324 1206 pauc-aflatus
1370 1131 1856 1180 LIGHTFOOT.

718 1233 887 1291 Flor.
925 1234 1087 1292 Dan.
1123 1232 1247 1291 tab.
1279 1231 1463 1296 1862.
1661 1256 1666 1263 ·
1979 1207 2034 1268 ⁸

717 1337 793 1395 In
822 1337 1102 1397 omnibus
1127 1336 1467 1397 Ducatihus
1514 1353 1641 1394 non
1677 1356 1885 1412 rarus,
1942 1338 2168 1416 partim
2197 1337 2264 1398 in

551 1499 555 1503 .
594 1439 835 1501 ericetis
870 1440 1210 1517 paludosis,
1256 1438 1485 1516 partim
1520 1439 1597 1497 ad
1626 1439 1770 1497 litus
1809 1442 2127 1500 marinum.

718 1547 780 1604 S.
815 1545 1235 1620 pauezflorum
1291 1543 1420 1601 sive
1482 1541 1830 1618 hoeothryon
1874 1542 2067 1602 Ehrh.
2101 1564 2152 1602 ‘a
2198 1545 2262 1605 S.

593 1651 921 1725 eampeetri
945 1644 1129 1705 Roth.
1164 1648 1252 1705 ita
1290 1644 1610 1724 sejungere
1628 1690 1645 1721 ‚
1703 1655 1774 1704 ut
1803 1646 1927 1721 siut
1956 1646 2088 1706 duae
2118 1668 2264 1726 spe-

593 1755 748 1826 cies,
789 1761 1018 1811 naturae
1049 1770 1304 1828 prorsus
1337 1759 1654 1828 repugnat.
1772 1751 1996 1828 Nuper
2018 1754 2266 1827 quidem

593 1858 758 1932 stylo
814 1860 877 1917 S.
935 1855 1231 1934 boeotlzryi
1276 1854 1435 1914 basis
1483 1854 1766 1930 bulbosa‚
1813 1874 1943 1933 quae
1992 1846 2149 1915 desit
2193 1860 2263 1916 S.

596 1965 957 2036 campestri,
1017 1958 1322 2035 adscripta
1368 1966 1458 2016 est
1473 1977 1491 2030 3
1549 1979 1620 2016 ea
1645 1978 1793 2017 vero
1828 1978 2024 2038 neque
2055 1961 2117 2019 in
2150 1958 2263 2020 hac

594 2082 791 2142 neque
826 2064 892 2123 in
923 2063 1032 2122 illa
1063 2062 1395 2141 reperitur.
1570 2122 1613 2174 .
2253 2072 2258 2077 “

693 2169 931 2227 ‘Minor
956 2166 1138 2247 hujus
1172 2169 1395 2251 plantae
1428 2169 1654 2244 forma,
1720 2189 1897 2245 quam
1942 2167 2114 2227 Roth
2144 2189 2265 2229 no-

593 2271 756 2330 mine
807 2276 868 2332 S.
907 2277 1269 2349 campestris
1301 2283 1505 2348 notat,
1539 2255 1699 2350 'ipsa
1746 2283 1836 2332 est
1870 2270 2164 2332 Ehrharti
2198 2277 2259 2334 S.

593 2375 936 2452 boeothtyon
949 2369 1420 2454 (Phytophylac.
1439 2378 1559 2438 No.
1581 2375 1705 2458 31),
1725 2387 1794 2437 ut
1811 2376 1911 2435 vel
1930 2396 2148 2436 nomen
2162 2378 2261 2455 ip-

591 2501 724 2539 sum
741 2479 944 2552 docet3
979 2477 1269 2556 majorem
1287 2479 1546 2540 formam
1563 2480 1903 2539 Ehrhartus
1929 2499 2055 2539 non
2085 2482 2263 2540 vide-

560 2655 563 2662 ,
590 2596 697 2643 tur
712 2584 979 2643 novisse!
1021 2583 1222 2642 Etiam
1241 2583 1422 2641 radix
1441 2628 1457 2657 ‚
1495 2604 1671 2662 quam
1702 2583 1768 2642 in
1802 2583 2038 2646 minore
2067 2584 2265 2643 forma

591 2688 892 2763 fibrosam,
924 2688 991 2746 in
1007 2686 1237 2766 majore
1251 2697 1568 2765 repentem
1583 2708 1709 2747 esse
1725 2688 1939 2746 volunt
1954 2733 1972 2763 ,
2006 2688 2072 2747 in
2089 2700 2262 2748 utra-

596 2812 712 2870 que
725 2792 935 2849 similis
956 2801 1076 2865 est,
1112 2810 1289 2867 quam
1325 2792 1603 2868 equidem
1619 2792 1909 2868 proclivis
1929 2810 2061 2850 sum
2077 2802 2145 2851 ut
2162 2794 2262 2851 di-

594 2916 722 2954 cam
742 2914 866 2954 esse
895 2893 1178 2952 fibrosam
1195 2940 1213 2970 ,
1250 2895 1561 2954 interdum
1587 2896 1985 2955 viticulosam.

333 3009 433 3075 14.
486 2981 826 3099 ιδ’(ἒιίἰραεο
852 2999 1331 3069 multicaulis
1385 3021 1660 3070 SMITH.

719 3121 899 3199 Engl.
931 3121 1056 3180 bot.
1089 3120 1271 3184 1187.
1359 3122 1528 3190 Flor.
1561 3122 1722 3179 Dan.
1754 3120 1898 3180 fasc.
1935 3119 2016 3185 33
2047 3119 2259 3180 inedit.

716 3230 792 3289 In
825 3226 1090 3288 arenosis
1120 3224 1493 3304 palustribus
1531 3224 1741 3291 insulae
1776 3226 1954 3284 Rem.

714 3330 907 3389 Nulla
950 3318 1040 3391 est
1085 3330 1218 3390 fere
1239 3344 1246 3351 ’
1269 3332 1431 3388 inter
1470 3330 1825 3391 vernaculas
1862 3329 2125 3407 species,
2197 3330 2265 3390 in

597 3454 715 3512 qua
747 3435 1122 3511 agnoscenda
1149 3444 1274 3491 tam
1298 3453 1455 3510 saepe
1488 3433 1566 3492 sit
1593 3444 1904 3518 peccatum
1919 3480 1937 3511 ,
1998 3412 2175 3511 quam
2198 3434 2266 3494 in

595 3530 727 3616 hae,
767 3539 880 3599 etsi
898 3547 1069 3597 notas
1089 3521 1273 3597 habet
1293 3539 1433 3594 satis
1455 3538 1750 3613 definitas3
1784 3550 1926 3599 sunt
1952 3540 2113 3598 enim
2140 3538 2264 3599 hae:

683 3642 747 3722 1)
781 3644 1017 3702 Crescit
1048 3640 1292 3719 cespitis
1313 3640 1387 3698 in
1417 3643 1700 3719 modum,
1757 3664 1927 3721 paene
1966 3652 2035 3701 ut
2067 3647 2129 3702 S.
2164 3665 2267 3704 ce.-

784 3750 1091 3824 spito-we,-
1117 3764 1424 3820 nunquam
1436 3748 1754 3825 repentem
1772 3749 1954 3809 habet
1979 3748 2267 3822 radicem,

777 3848 886 3912 sed.
905 3848 1187 3909 fibrosam
1210 3848 1488 3911 validam.
