2516 4231
1046 191 1485 259 -42-

298 391 440 457 206.
498 384 989 475 Polygonum
1008 387 1508 481 Fagopyrum
1549 386 1661 457 L*.

301 515 442 580 207.
495 505 975 599 Polygonum
1007 511 1469 579 tartaricum
1502 510 1615 579 L*.

1038 884 1499 972 ClassisX.

811 1039 993 1112 DE
1047 1043 1792 1120 CANDRIA.

955 1177 1602 1288 Monogynia.

308 1329 452 1393 208.
502 1316 979 1411 Monotropa
1009 1320 1531 1416 Hypopithys
1564 1342 1642 1393 L.

693 1438 999 1498 Distinxit
1022 1441 1096 1499 ab
1127 1440 1238 1499 hac
1265 1442 1471 1517 planta
1494 1441 1614 1519 jam
1629 1438 1818 1513 Roth,
1842 1442 2009 1499 Flor.
2032 1442 2239 1499 Germ.

573 1542 634 1606 2·
680 1561 738 1618 p-
774 1541 931 1619 462,
967 1555 1107 1622 post
1139 1528 1744 1619 autemfflernhardi,
1782 1546 1929 1603 duas
1972 1545 2246 1602 varieta-

570 1656 700 1717 tes,
772 1666 919 1725 quas
975 1666 1085 1726 ego
1134 1648 1418 1726 pluribus
1461 1650 1631 1707 annis
1674 1649 1822 1708 novi
1884 1667 2251 1726 semperque

578 1752 793 1811 eodem
821 1754 1002 1812 modo
1033 1772 1098 1812 se
1127 1734 1418 1812 habentes
1449 1752 1679 1830 reperi.

701 1856 1044 1931 Wallroth,
1091 1859 1172 1916 V.
1204 1859 1310 1926 D„
1352 1857 1418 1915 in
1453 1855 1770 1917 Schedulis
1807 1857 1959 1916 crit.
1998 1876 2058 1934 p.
2093 1855 2253 1922 191-

574 1958 699 2025 196
747 1961 1013 2036 plantam
1056 1958 1210 2019 hanc
1260 1962 1597 2019 accuratius
1633 1981 1667 2018 a
1701 1981 1767 2019 se
1795 1961 2160 2020 illustratam
2187 1962 2255 2019 in

575 2065 724 2123 duas
754 2063 981 2142 species
1012 2063 1239 2139 divisit,
1289 2082 1547 2142 quarum
1574 2063 1845 2140 alteram,
1886 2083 2020 2143 quae
2043 2067 2255 2145 glabra

572 2167 758 2228 habet
792 2169 1109 2247 genitalia,
1169 2173 1270 2228 M.
1302 2167 1759 2246 hypophegeam
1790 2179 2002 2241 vocat,
2070 2168 2254 2227 alteri

574 2269 824 2332 hirsutae
844 2273 1229 2332 Linneanum
1265 2291 1488 2331 nomen
1522 2272 1838 2350 relinquit.
1938 2274 2124 2350 Quod
2155 2273 2257 2331 di»

575 2374 863 2450 ligentius
915 2373 1333 2450 considerare,
1391 2396 1502 2435 eur
1535 2378 1816 2455 plerique
1846 2376 2257 2436 recentiorum

576 2478 948 2556 scriptorum
998 2477 1152 2539 hanc
1198 2478 1560 2539 divisionem
1604 2479 1924 2558 abjiciant,
1993 2479 2257 2537 alienum

581 2594 675 2644 est
716 2584 790 2641 ab
834 2581 1015 2660 hujus
1050 2583 1254 2643 libelli
1295 2582 1581 2657 consili03
1642 2582 1761 2642 nisi
1803 2584 1965 2660 quod
2008 2582 2260 2643 minime

581 2687 840 2748 dubium
868 2688 1149 2761 videtur,
1198 2686 1347 2764 quin
1388 2684 1704 2748 Wallroth
1737 2686 1970 2763 plantas
2002 2686 2166 2745 inter
2196 2706 2261 2747 se

585 2791 1046 2871 permutaverit.
1122 2791 1255 2867 Ego
1289 2789 1501 2849 saltem
1529 2810 1750 2851 novem
1783 2801 1887 2851 aut
1913 2793 2117 2850 decem
2145 2811 2259 2849 an-

583 2914 807 2958 norum
854 2894 1213 2971 experienta
1254 2914 1370 2971 per
1417 2895 1718 2989 regiones‘
1736 2905 1798 2956 et
1831 2894 2261 2954 meridionales

584 3010 646 3061 et
660 2999 1164 3076 septentrionales
1184 3000 1433 3060 edoctus
1450 2991 1818 3059 contendere
1840 3018 2105 3077 possum,
2132 3019 2262 3058 eam

584 3106 852 3184 plantam
872 3149 889 3180 ,
960 3124 1091 3181 quae
1125 3103 1420 3180 oblongos
1455 3081 1673 3164 habeat
1704 3103 1978 3173 fructus,
2010 3089 2264 3180 ¹stylum

581 3208 834 3285 longum
853 3253 869 3282 ,
927 3207 1228 3268 filamenta
1270 3217 1332 3267 et
1378 3210 1579 3286 petala
1621 3207 1893 3286 hirsuta,
1939 3208 2091 3266 mihi
2122 3209 2263 3285 qui-

585 3313 724 3373 dem
753 3330 1060 3388 nunquam
1110 3333 1236 3371 non
1270 3312 1382 3370 sub
1410 3312 1734 3396 arboribus
1765 3312 2071 3371 frondosis
2091 3312 2265 3370 obla-

581 3427 707 3478 tam
750 3418 907 3487 esse3
960 3425 1023 3475 et
1061 3435 1187 3475 esse
1214 3413 1826 3478 tamen.Wallrothii
1869 3419 1967 3476 M.
1999 3416 2264 3494 hypopi-

589 3534 696 3597 tyn
712 3542 737 3590 ;
771 3518 1023 3577 alteram
1050 3536 1203 3579 vero
1224 3521 1497 3597 plantam
1522 3503 1790 3579 rotundo
1823 3518 2053 3596 fructu,
2087 3521 2265 3579 brevi

589 3624 784 3700 stylo,
832 3623 1057 3697 glabris
1088 3605 1412 3684 filamentis*
1442 3634 1504 3685 et
1533 3622 1769 3704 petalis,
1805 3643 2046 3706 semper
2077 3644 2110 3681 a
2146 3644 2265 3700 me,

583 3727 731 3787 licet
764 3727 843 3782 sit
878 3730 968 3787 W
972 3726 1246 3785 allrothii
1278 3733 1373 3788 M.
1414 3728 1828 3808 hypophegea‚
1873 3729 1983 3788 sub
2017 3728 2263 3787 arbori-

589 3826 704 3891 bus
721 3870 740 3902 ,
800 3846 930 3907 quae
960 3829 1111 3902 folia
1126 3829 1425 3896 haberent
1462 3855 1733 3912 acerosa,
1782 3844 2090 3913 repertam
2115 3854 2259 3893 esse.
