2516 4231
1062 165 1500 245 —22÷-

575 365 687 424 Est
711 361 777 420 id
803 367 1099 439 praeterea
1116 364 1208 419 -Ρ,
1237 362 1442 437 crispo
1471 357 1825 436 proprium,
1875 358 2039 436 quod
2056 358 2121 417 in
2139 379 2256 417 ex-

574 464 787 525 tremis
820 463 1090 524 caulibus
1139 464 1451 524 interdum
1497 485 1625 522 non
1671 463 1854 520 flores
1908 471 2259 534 nascuntur,

576 571 686 628 sed
730 568 915 642 folia,
978 588 1110 645 quae
1140 567 1363 646 justam
1389 567 1831 643 longitudinem
1874 576 1935 625 et
1972 565 2259 624 latitudi-

578 695 719 733 nem
755 694 881 733 non
912 673 1217 749 attingunt
1235 717 1253 748 ,
1295 674 1402 731 sed
1433 673 1745 750 aliquanto
1779 668 2072 730 crassiora
2103 665 2288 723 fiunt·

581 780 833 854 ceteris,
894 777 1181 855 quasique
1230 780 1298 837 in
1333 778 1670 855 capitulum
1727 783 1932 835 coacta
1980 780 2260 830 naturam
2296 770 2301 775 ’
2367 814 2376 823 .

579 902 775 961 prope
819 883 1299 960 cartilaginosam
1345 883 1627 941 induunt.
1745 881 1851 955 Id,
1921 877 2085 956 quod
2134 894 2262 932 non

583 987 841 1048 multum
888 989 1131 1058 absum,
1193 988 1342 1065 quin
1389 986 1712 1046 secundam
1759 980 2261 1062 propagationem

562 1100 712 1152 'esse
745 1092 1028 1169 judicem.

714 1197 865 1272 Quae
915 1200 992 1258 de
1040 1197 1158 1256 hoc
1200 1215 1425 1273 genere
1479 1194 1965 1282 observavimuS‚
2029 1187 2229 1249 omnia
2242 1230 2261 1261 ,

585 1309 842 1376 excepta
891 1301 1125 1379 duplici
1169 1301 1467 1360 foliorum
1512 1309 1766 1374 natura,
1826 1300 1893 1357 in
1919 1296 2118 1357 affinia
2155 1295 2262 1351 illa

520 1412 523 1415 ’
583 1421 840 1479 genera,
880 1408 1155 1481 Ruppiae
1184 1416 1246 1464 et
1275 1404 1757 1472 Zannichellioe‚
1804 1401 2089 1461 conferre
2103 1400 2263 1470 licet,

587 1515 809 1584 quaeyet
836 1507 967 1584 ipsa
1000 1508 1294 1568 continuo
1331 1508 1612 1574 observ0,
1656 1506 2063 1581 probaturae,
2114 1505 2261 1562 duas

522 1644 525 1651 ·
584 1619 756 1669 notas
799 1612 1024 1688 species
1069 1609 1193 1689 jam
1232 1611 1397 1690 apud
1439 1628 1549 1670 nos
1581 1609 1790 1687 plures
1820 1627 1994 1668 veras
2035 1606 2265 1685 species

585 1714 654 1776 in
682 1736 748 1775 se
779 1715 1110 1776 continere.

325 1828 430 1894 85.
483 1820 778 1914 Sagina
831 1834 1082 1891 erecta
1136 1843 1211 1891 L.

714 1943 816 2000 Ex
860 1942 1269 2017 manuscripto
1302 1937 1646 2019 Fliiggeano
1690 1905 1768 2001 aci
1794 1937 2039 2001 Borstel
2066 1922 2263 2015 prope

588 2024 1013 2122 Hamburgum
1038 2045 1375 2105 invenitur.

274 2241 277 2246 μ
331 2156 432 2224 86.
485 2152 778 2246 Sagitta
827 2153 1150 2243 apetala
1205 2173 1281 2221 L.
1475 2229 1478 2230 ⁷
1523 2213 1526 2220 .

684 2325 689 2330 ,
717 2271 893 2347 Engl.
925 2272 1051 2330 bot.
1084 2272 1208 2331 tab.
1244 2273 1383 2335 881.

720 2377 781 2435 S.
813 2377 1035 2433 elliam
1074 2377 1268 2433 FrieS.
1318 2378 1567 2435 Svensk.
1605 2379 1731 2436 bot.
1773 2377 1900 2435 tab.
1951 2372 2093 2440 562·
2130 2375 2172 2433 f·
2215 2376 2269 2437 1·

721 2479 823 2538 Ad
870 2480 1293 2557 Hamburgum
1340 2488 1400 2540 et
1448 2480 1935 2559 Heiligenhaven
1975 2483 2043 2541 in
2087 2479 2273 2541 humo

596 2585 828 2662 pingui.
1686 2593 1689 2599 '
1958 2595 1961 2601 ’

338 2697 440 2765 87.
499 2690 795 2784 Sctgina
843 2689 1241 2757 maritima
1292 2707 1478 2757 DON.

723 2813 785 2869 S.
837 2813 1055 2867 stricta
1105 2810 1278 2868 Fries
1317 2808 1567 2867 Svensk.
1617 2807 1746 2866 bot.
1793 2809 1917 2867 tab.
1964 2808 2106 2876 562.
2138 2810 2181 2868 f.
2212 2812 2269 2874 2.

596 2922 657 2973 et
703 2916 764 2973 S.
801 2905 997 2971 erecta
1029 2910 1261 2973 Miiller
1301 2914 1392 2972 Fl.
1440 2914 1597 2972 Dan.
1635 2915 1755 2973 tab.
1794 2911 1937 2977 845.
2045 2917 2271 2976 Melius

500 3030 507 3035 ’
597 3018 665 3079 in
683 3017 860 3095 Engl.
891 3018 1018 3077 bot.
1051 3020 1175 3077 tab.
1205 3016 1369 3085 2195
1402 3011 1794 3099 (maritima).

540 3121 543 3124 “
721 3124 798 3182 In
841 3120 1026 3183 humo
1075 3124 1293 3202 pingui
1338 3124 1415 3182 ad
1458 3143 1658 3198 mare,
1685 3123 1895 3201 ‘idque
1925 3132 2049 3181 tam
2077 3103 2275 3180 B'alti-

598 3248 736 3287 cum
766 3247 946 3305 quam
968 3230 1428 3301 Germanicum3
1473 3227 1964 3307 frequentissima
1980 3246 2094 3303 per
2112 3227 2277 3286 Hol-

598 3332 806 3391 satiam
857 3341 920 3391 et
963 3334 1297 3394 Slesvicum
1341 3353 1532 3411 usque
1563 3333 1632 3391 in
1658 3334 1949 3408 Magnum
1976 3318 2279 3393 Ducatum

518 3481 522 3488 .
601 3437 1221 3514 Megalopolitanum3
1287 3439 1394 3497 sed
1437 3458 1473 3495 a
1515 3446 1649 3496 toto
1699 3439 1857 3496 Duc.
1907 3438 2279 3516 Lauenburg

601 3543 792 3609 abest,
837 3543 1003 3619 quod
1029 3542 1109 3600 ad
1135 3544 1432 3602 MertenS.
1466 3550 1530 3601 et
1560 3539 1758 3602 Koch.
1789 3542 1955 3601 Flor.
1988 3544 2196 3604 Germ.
2227 3547 2277 3606 Ι.

601 3664 736 3728 pag·
772 3644 896 3712 865
930 3645 1391 3741 observandum.
1575 3643 1579 3646 ’
2217 3640 2224 3646 ’
